2742 4075
549 179 589 234 ad
608 178 681 234 iam.
701 180 763 247 XV,
783 182 807 234 4.
1171 165 1213 226 43

155 341 217 420 qui
252 340 357 402 occisi
391 340 554 420 captique
584 346 665 400 sunt
699 339 881 401 interclusi
915 340 1009 418 fuga.
1059 340 1240 404 Eranam9

155 434 282 505 autem,
307 446 396 507 quae
412 427 479 489 fuit
496 445 566 488 non
582 426 651 489 vici
672 428 795 504 instar,
818 428 880 489 sed
896 428 1003 505 urbis,
1027 428 1120 506 quod
1137 434 1214 488 erat

155 516 281 577 Amani
306 521 421 596 caput,
444 516 597 594 itemque
613 514 785 596 Sepyram
804 522 838 578 et
856 515 1067 577 Commorim
1085 515 1213 578 acriter

155 609 190 666 et
214 604 276 665 diu
292 603 580 683 repugnantibus,
603 603 789 682 Pomptino
812 603 911 665 illam
933 608 1070 683 partem
1089 603 1214 665 Amani

156 696 306 768 tenente,
330 709 372 753 ex
397 691 602 753 antelucano
619 696 777 770 tempore
800 709 911 770 usque
934 692 979 753 ad
997 691 1119 753 horam
1144 691 1213 753 diei

155 796 177 842 x
201 797 329 859 magna
345 778 569 841 multitudine
583 778 737 840 hostium
753 779 868 841 occisa
885 779 1039 859 cepimus
1056 779 1213 841 castella·

157 885 226 946 que
255 868 290 929 vi
320 854 422 946 capta
452 866 632 946 complura
660 866 887 929 incendimus.
938 867 1002 929 His
1030 867 1136 928 rebus
1163 866 1213 928 ita
1225 874 1266 943 (9)

155 955 266 1034 gestis
283 959 398 1017 castra
414 954 452 1015 in
470 954 651 1016 radicibus
667 954 792 1016 Amani
810 955 997 1017 habuimus
1014 955 1108 1034 apud
1124 954 1214 1016 Aras

157 1043 350 1105 Alexandri
368 1042 604 1121 quadriduum
621 1047 654 1104 et
677 1043 715 1103 in
737 1043 898 1122 reliquiis
916 1043 1040 1103 Amani
1058 1043 1214 1104 delendis

158 1129 323 1210 agrisque
347 1130 537 1207 vastandis,
561 1148 650 1209 quae
674 1148 758 1211 pars
773 1131 848 1192 eius
871 1131 999 1192 montis
1022 1149 1119 1192 meae
1135 1149 1214 1210 pro·

156 1218 294 1280 vinciae
311 1222 371 1294 est,
393 1218 431 1279 id
447 1223 583 1297 tempus
600 1236 701 1280 omne
717 1219 1004 1298 consumpsimus,
1038 1217 1214 1280 Confectis
1226 1226 1259 1279 10

156 1306 211 1368 his
235 1306 342 1368 rebus
366 1306 411 1367 ad
434 1306 601 1386 oppidum
618 1306 951 1368 Eleutherocilicum
970 1306 1215 1368 Pindenissum

155 1394 350 1457 exereitum
375 1394 514 1456 adduxi.
553 1392 655 1464 Quod
679 1411 758 1455 cum
778 1400 867 1456 esset
892 1394 1061 1456 altissimo
1085 1399 1119 1455 et
1142 1412 1214 1454 mu·

156 1481 330 1545 nitissimo
355 1482 431 1543 loco
456 1482 499 1543 ab
528 1481 641 1560 iisque
668 1481 891 1559 incoleretur,
921 1483 981 1561 qui
1005 1500 1047 1543 ne
1070 1480 1215 1560 regibus

156 1570 298 1649 quidem
322 1588 488 1648 umquam
511 1569 720 1649 paruissent,
744 1588 823 1631 cum
840 1574 873 1630 et
897 1568 1068 1648 fugitivos
1084 1569 1214 1648 recipe·

155 1662 236 1719 rent
260 1663 294 1719 et
318 1657 528 1719 Parthorum
555 1658 745 1719 adventum
769 1656 938 1718 acerrime
961 1662 1214 1736 exspectarent,

157 1745 202 1806 ad
226 1745 518 1807 existimationem
546 1745 685 1824 imperii
715 1745 893 1823 pertinere
922 1744 1115 1806 arbitratus
1139 1763 1215 1806 sum

157 1833 389 1911 comprimere
414 1850 534 1894 eorum
558 1832 755 1908 audaciam,
780 1850 848 1911 quo
872 1831 1011 1894 facilius
1034 1832 1139 1895 etiam
1163 1851 1214 1895 ce·

157 1925 315 1981 tororum
341 1919 461 1995 animi,
490 1919 549 1999 qui
574 1919 678 1981 alieni
703 1924 817 1981 essent
842 1919 885 1981 ab
914 1920 1061 1999 imperio
1085 1927 1215 1997 nostro,

158 2005 418 2087 frangerentur.
456 2008 555 2070 Vallo
573 2015 606 2070 et
622 2006 716 2070 fossa
738 2008 962 2086 circumdedi,
986 2026 1046 2070 sex
1063 2009 1215 2071 castellis

156 2096 353 2175 castrisque
383 2097 544 2158 maximis
572 2097 701 2176 saepsi,
733 2115 876 2176 aggere,
906 2096 1033 2172 vineis,
1056 2097 1215 2159 turribus

156 2184 362 2264 oppugnavi
385 2202 538 2264 ususque
562 2185 748 2247 tormentis
772 2185 901 2262 multis,
929 2185 1048 2247 multis
1072 2186 1215 2265 sagitta·

156 2272 221 2334 riis
244 2290 372 2351 magno
396 2272 517 2334 labore
541 2291 626 2350 meo,
650 2272 725 2334 sine
749 2273 821 2334 ulla
845 2272 1005 2334 molestia
1030 2280 1215 2353 sumptuve

156 2360 333 2422 sociorum
368 2360 515 2439 septimo
552 2361 842 2440 quinquagesimo
879 2360 935 2423 die
968 2379 1043 2422 rem
1073 2360 1215 2438 confeci,

157 2452 197 2509 ut
226 2447 388 2509 omnibus
416 2447 578 2527 partibus
610 2448 710 2509 urbis
739 2449 947 2510 disturbatis
977 2454 1037 2510 aut
1065 2448 1215 2510 incensis

157 2534 327 2614 compulsi
344 2537 381 2595 in
405 2540 611 2614 potestatem
629 2553 742 2597 meam
765 2536 1001 2615 pervenirent.
1034 2537 1098 2598 His
1115 2542 1215 2598 erant

156 2622 301 2685 finitimi
332 2622 410 2702 pari
441 2623 571 2685 scelere
603 2628 637 2684 et
671 2624 818 2686 audacia
848 2624 1030 2686 Tebarani.
1087 2624 1139 2686 Ab
1172 2624 1215 2685 iis
1284 2644 1286 2647 ’

157 2710 364 2773 Pindenisso
396 2716 498 2790 capto
530 2711 669 2774 obsides
703 2713 840 2791 accepi;
877 2712 1070 2774 exercitum
1098 2713 1135 2772 in
1165 2711 1215 2772 hi-

156 2799 266 2860 berna
284 2798 416 2874 dimisi3
443 2797 610 2869 Quintum
626 2798 775 2861 fratrem
791 2800 933 2880 negotio
954 2799 1152 2880 praeposui,
1176 2805 1215 2861 ut

157 2886 194 2947 in
224 2886 312 2948 vicis
341 2891 401 2948 aut
430 2887 541 2965 captis
570 2892 630 2948 aut
659 2887 749 2949 male
778 2889 914 2967 pacatis
943 2888 1118 2949 exercitus
1148 2888 1214 2950 col-

159 2974 344 3035 locaretur.

245 3062 344 3124 Nunc
367 3061 473 3123 velim
496 3061 545 3123 sic
569 3061 634 3124 tibi
659 3064 886 3143 persuadeaS,
916 3064 945 3124 si
970 3065 1012 3126 de
1041 3064 1084 3125 iis
1108 3064 1257 3126 rebusll

159 3151 202 3212 ad
226 3155 384 3212 senatum
408 3149 559 3212 relatum
583 3149 636 3226 sit,
660 3169 715 3212 me
739 3151 1022 3213 existimaturum
1046 3170 1214 3213 summam

157 3237 242 3299 mihi
266 3237 407 3300 laudem
422 3237 601 3315 tributam,
625 3238 654 3298 si
671 3243 711 3299 tu
727 3238 895 3300 honorem
912 3258 1025 3301 meum
1042 3239 1214 3301 sententia

158 3331 217 3388 tua
233 3325 475 3405 comprobaris
483 3345 491 3401 ;
517 3325 631 3404 idque,
656 3326 721 3387 etsi
738 3326 868 3388 talibus
885 3328 928 3389 de
951 3328 1057 3389 rebus
1080 3326 1214 3405 gravis·

158 3413 262 3475 simos
286 3414 443 3476 homines
467 3418 501 3475 et
516 3431 644 3492 rogare
668 3414 781 3477 solere
801 3419 835 3476 et
857 3415 977 3494 rogari
995 3416 1075 3491 scio,
1099 3420 1215 3475 tamen

158 3502 414 3563 admonendum
437 3499 554 3581 potius
582 3505 617 3562 te
645 3520 664 3562 a
689 3520 743 3564 me
768 3521 873 3581 quam
900 3503 1098 3581 rogandum
1121 3506 1215 3580 pute.

158 3590 209 3650 Tu
233 3607 269 3651 es
293 3589 385 3651 enim
407 3589 446 3665 is,
472 3589 531 3669 qui
555 3607 610 3651 me
634 3589 705 3651 tuis
729 3590 911 3652 sententiis
935 3590 1136 3670 saepissime
1161 3608 1214 3651 or·

158 3677 263 3754 nasti,
294 3677 353 3755 qui
383 3678 555 3754 oratione,
585 3676 645 3756 qui
674 3677 960 3757 praedicatione,
984 3677 1043 3756 qui
1073 3675 1215 3737 summis
