2742 4075
179 189 221 251 70
613 205 673 272 III,
693 208 735 260 38.
755 207 796 261 39.

178 365 304 443 agendi
328 365 501 426 rationem
524 364 656 426 nullam
673 365 794 447 habeo,
819 366 938 427 sedne
963 366 1141 444 cogitandi
1159 369 1234 446 qui-

178 453 256 513 dem
280 458 322 529 et,
347 453 407 532 qui
432 457 533 513 antea
558 446 617 513 aut
638 453 797 514 obscuris
821 453 1020 514 hominibus
1044 460 1104 515 aut
1128 455 1234 516 etiam

177 541 336 602 sontibus
360 540 527 620 opitulari
551 546 719 619 poteram,
743 559 835 601 nunc
851 540 887 602 P.
904 541 1054 620 Nigidio,
1078 543 1139 602 uni
1164 561 1234 604 om·

177 628 273 690 nium
297 628 497 689 doctissimo
521 634 555 689 et
579 628 798 689 sanctissimo
822 632 857 689 et
880 629 1031 690 maxima
1056 630 1234 709 quondam

176 716 291 794 gratia
317 720 351 776 et
374 716 459 776 mihi
485 721 578 777 certe
603 716 822 792 amicissimo,
851 735 894 777 ne
916 717 1067 796 benigne
1092 718 1234 797 quidem

176 803 335 882 polliceri
359 821 508 883 possum.
554 804 651 882 Ergo
680 804 745 865 hoc
775 810 933 883 ereptum
957 811 1009 866 est
1033 805 1233 867 litterarum

149 901 301 969 egenus3
327 891 503 970 reliquum
520 898 580 968 est,
604 898 643 952 ut
660 892 818 954 consoler
835 896 870 953 et
894 892 1052 954 adferam
1068 893 1233 971 rationes,

177 979 304 1057 quibus
327 985 362 1040 te
386 998 405 1040 a
429 979 597 1040 molestiis
621 997 726 1041 coner
744 979 926 1041 abducere.
964 981 1010 1041 At
1026 999 1066 1042 ea
1091 982 1233 1060 quidem

176 1066 326 1128 facultas
350 1067 406 1128 vel
430 1067 482 1127 tui
506 1066 563 1128 vel
587 1067 733 1128 alterius
756 1068 960 1129 consolandi
984 1068 1021 1128 in
1044 1074 1078 1129 te
1098 1086 1232 1130 summa

176 1159 236 1230 est,
261 1153 289 1214 si
306 1173 471 1233 umquam
486 1154 522 1214 in
539 1153 611 1215 ullo
628 1153 703 1216 fuit.
739 1155 863 1233 Itaque
880 1173 956 1217 eam
972 1161 1118 1235 partem,
1143 1175 1233 1235 quae

177 1243 220 1304 ab
237 1242 411 1321 exquisita
429 1243 578 1320 quadam
594 1242 733 1304 ratione
750 1247 783 1303 et
805 1243 965 1305 doctrina
982 1243 1232 1322 proficiscitur,

176 1348 245 1391 non
270 1330 456 1408 attingam,
487 1329 552 1390 tibi
575 1335 685 1391 totam
709 1330 914 1409 relinquam.
961 1329 1053 1402 Quid
1078 1331 1123 1393 sit
1146 1331 1232 1394 forti

158 1422 210 1483 ,et
234 1418 382 1496 sapienti
406 1418 545 1478 homine
570 1418 724 1496 dignum,
749 1418 833 1497 quid
853 1419 1021 1497 gravitas,
1046 1420 1131 1498 quid
1156 1421 1232 1482 alti-

175 1506 260 1566 tudo
290 1505 412 1582 animi,
441 1505 526 1584 quid
557 1510 634 1567 acta
662 1512 723 1566 tua
754 1506 841 1583 vita,
872 1506 956 1584 quid
985 1507 1113 1584 studia,
1146 1509 1232 1587 quid

176 1598 283 1668 arteS,
314 1593 441 1671 quibus
470 1612 489 1654 a
513 1593 664 1673 pueritia
690 1592 860 1670 floruisti,
889 1612 908 1655 a
933 1600 967 1655 te
990 1593 1168 1673 flagitent,
1192 1602 1231 1658 tu

175 1680 327 1755 videbis3
364 1700 443 1758 ego,
473 1682 566 1759 quod
590 1680 794 1759 intellegere
818 1686 852 1742 et
876 1681 1019 1757 sentire,
1049 1684 1130 1760 quia
1155 1702 1230 1745 sum

175 1769 304 1829 Romae
328 1774 361 1830 et
387 1769 469 1847 quia
494 1786 579 1829 curo
600 1769 821 1848 attendoque,
845 1787 996 1848 possum,
1020 1770 1057 1831 id
1080 1771 1145 1832 tibi
1173 1773 1230 1833 ad-

174 1856 288 1933 firm0,
312 1861 347 1918 te
363 1857 399 1917 in
415 1857 492 1918 istis
515 1856 693 1933 molestiis,
717 1856 898 1936 inquibus
922 1875 958 1918 es
982 1857 1047 1918 hoc
1064 1862 1230 1938 tempore,

173 1962 243 2006 non
268 1944 399 2006 diutius
422 1943 595 2020 futurum,
623 1944 727 2005 iniis
752 1949 882 2021 autem,
913 1945 949 2005 in
974 1946 1102 2023 quibus
1125 1947 1231 2008 etiam

174 2052 236 2094 nos
260 2051 387 2109 sumus,
411 2031 561 2094 fortasse
585 2051 720 2111 semper
745 2032 829 2095 fore.

147 2132 163 2183 5
262 2121 391 2182 Videor
415 2121 500 2180 mihi
524 2120 723 2199 perspicere
747 2122 899 2200 primum
927 2122 1038 2203 ipsius
1068 2123 1230 2201 animum,

174 2207 234 2286 qui
263 2208 453 2286 plurimum
482 2214 610 2287 potest,
639 2226 852 2286 propensum
882 2210 925 2271 ad
954 2210 1102 2271 salutem
1125 2216 1230 2274 tuam.

174 2295 250 2355 Non
277 2295 394 2356 scribo
422 2296 487 2356 hoc
516 2300 662 2370 temere;
699 2314 767 2374 quo
797 2296 911 2358 minus
934 2297 1120 2360 familiaris
1144 2317 1230 2377 sum,

173 2382 238 2443 hoc
262 2400 338 2443 sum
363 2383 407 2444 ad
430 2383 715 2462 investigandum
747 2384 926 2447 curiosior.
974 2384 1051 2456 Quo
1081 2385 1230 2464 facilius

174 2470 301 2549 quibus
325 2477 377 2531 est
400 2471 535 2548 iratior,
558 2472 773 2550 respondere
797 2472 933 2534 tristius
952 2473 1072 2552 possit,
1096 2475 1161 2536 hoc
1178 2480 1230 2537 est

174 2557 287 2619 adhuc
311 2558 447 2620 tardior
473 2559 517 2620 ad
540 2565 574 2620 te
590 2559 749 2621 molestia
774 2560 1010 2637 liberandum
1036 2560 1230 2624 familiares

172 2664 257 2708 vero
286 2646 375 2723 eiuS,
406 2651 440 2708 et
468 2647 493 2706 ii
524 2647 679 2726 quidem,
709 2647 769 2725 qui
798 2647 849 2709 illi
873 2648 1114 2710 iucundissimi
1137 2655 1230 2728 sunt,

171 2734 382 2796 mirabiliter
407 2735 449 2796 de
473 2741 507 2796 te
531 2739 564 2795 et
589 2734 780 2814 loquuntur
809 2743 844 2797 et
872 2736 1034 2797 sentiunt.
1086 2737 1230 2799 Accedit

172 2823 293 2883 eodem
316 2822 415 2900 vulgi
438 2822 602 2883 voluntas
626 2822 682 2883 vel
707 2823 824 2901 potius
854 2842 1042 2886 consensus
1066 2826 1228 2887 omnium.

172 2909 288 2970 Etiam
311 2909 386 2985 illa,
411 2928 500 2988 quae
524 2910 706 2970 minimum
730 2928 822 2971 nunc
847 2911 987 2989 quidem
1010 2918 1139 2991 potest,
1168 2914 1230 2976 sed

171 2996 281 3074 possit
305 3014 444 3059 necesse
468 3003 529 3074 est,
552 3016 609 3059 res
633 2998 784 3077 publica,
809 3017 1045 3079 quascumque
1062 3001 1151 3063 viris
1170 3001 1229 3063 ha·

172 3084 277 3161 bebit,
302 3086 345 3147 ab
362 3085 405 3147 iis
422 3084 517 3164 ipsis,
541 3085 706 3164 aquibus
722 3091 870 3165 tenetur,
894 3088 937 3149 de
958 3092 992 3149 te
1016 3089 1229 3168 propediem,

171 3172 256 3233 mihi
281 3173 392 3249 crede,
416 3173 627 3252 impetrabit.

144 3274 161 3328 6
260 3261 376 3322 Redeo
399 3261 509 3339 igitur
535 3262 579 3322 ad
600 3261 650 3338 id,
680 3268 718 3323 ut
742 3263 812 3334 iam
836 3264 901 3325 tibi
930 3264 1035 3325 etiam
1059 3264 1228 3344 pollicear

172 3347 320 3426 aliquid,
350 3349 443 3427 quod
467 3348 582 3427 primo
606 3350 800 3412 omiseram.
846 3353 934 3413 Nam
958 3357 992 3413 et
1015 3352 1229 3433 complectar

171 3436 246 3495 eius
269 3434 572 3512 familiarissimos,
596 3438 656 3515 qui
679 3457 735 3500 me
759 3439 945 3501 admodum
965 3439 1118 3519 diligunt
1142 3441 1229 3501 mul-

171 3526 315 3598 tumque
331 3541 465 3583 mecum
481 3530 570 3600 sunt,
587 3529 621 3585 et
636 3525 673 3585 in
688 3526 798 3605 ipsius
812 3528 1106 3605 consuetudinem,
1123 3547 1228 3608 quam

172 3606 285 3667 adhuc
314 3626 411 3669 meus
440 3610 554 3687 pudor
583 3611 667 3672 mihi
698 3613 836 3689 clausit,
864 3614 1051 3676 insinuabo
1075 3623 1109 3677 et
1133 3622 1228 3679 certe

172 3693 283 3752 omnis
312 3695 388 3755 vias
416 3714 622 3774 persequar,
657 3699 783 3776 quibus
812 3701 943 3778 putabo
974 3703 1018 3763 ad
1048 3704 1099 3780 id,
1134 3705 1229 3783 quod
