2742 4075
157 109 176 169 8
632 125 656 193 1,
675 128 700 180 4.
720 130 744 181 5.

157 283 293 344 versari
318 290 351 345 et
375 283 472 343 illam
497 283 694 353 institutam
719 302 758 346 ac
783 292 980 366 susceptam
1004 287 1216 366 dignitatem

157 370 258 448 tueri,
282 372 351 448 sed,
376 376 604 449 posteaquam
621 372 773 450 primum
794 373 907 435 Clodii
925 374 1143 437 absolutione
1167 376 1217 437 le·

157 458 302 520 ritatem
326 458 640 538 infirmitatemque
655 460 867 522 iudiciorum
890 463 1062 542 perspexi,
1087 463 1218 525 deinde-

157 548 231 609 vidi
250 553 390 608 nostros
406 546 613 625 publicanos
634 546 738 609 facile
756 567 775 608 a
792 554 915 610 senatu
932 549 1077 629 diiungi,
1095 570 1218 629 quamm

158 654 261 714 quam
287 654 376 697 ame
400 635 477 713 ipso
496 653 565 696 non
583 634 845 713 divellerentur,
869 643 942 697 tum
959 643 1075 699 autem
1091 640 1216 700 beatos

157 724 313 785 homines
339 723 416 801 (hos
440 722 648 802 piscinarios
672 723 759 800 dico,
790 725 919 785 amicos
942 727 1034 804 tuos)
1060 745 1130 787 non
1154 727 1217 788 ob·-

157 829 257 872 scure
281 811 382 872 nobis
406 810 578 888 invidere,
607 812 731 890 putavi
755 812 840 872 mihi
869 813 1019 875 maiores
1043 815 1211 892 quasdam

129 908 243 977 repes
271 905 305 960 et
334 898 495 959 firmiora
524 899 701 978 praesidia
731 901 1044 978 esse'quaerenda.
1089 902 1217 980 Itaque

157 987 322 1065 primum,
354 1004 431 1048 eum
461 986 521 1064 qui
550 986 696 1047 nimium
725 988 785 1047 diu
815 988 856 1049 de
880 988 985 1049 rebus
1009 990 1139 1050 nostris
1163 995 1217 1050 ta·-

157 1081 291 1151 cuerat,
315 1074 518 1154 Pompeium
544 1074 674 1135 adduxi
698 1075 735 1135 in
759 1094 835 1136 eam
858 1075 1089 1153 voluntatem,
1115 1078 1212 1137 utin

156 1169 280 1224 senatu
303 1181 373 1224 non
397 1162 510 1238 semel,
543 1162 603 1223 sed
628 1180 731 1240 saepe
754 1162 943 1241 multisque
967 1164 1085 1225 verbis
1110 1164 1212 1225 huius

156 1250 241 1312 mihi
270 1250 417 1311 salutem
446 1249 585 1328 imperii
615 1254 720 1328 atque
748 1250 849 1311 orbis
872 1255 1049 1312 terrarum
1079 1252 1218 1313 adiudi-

157 1339 265 1414 carit;
292 1339 386 1417 quod
409 1356 479 1398 non
503 1337 761 1400 tam'interfuit
776 1357 852 1399 mea
879 1339 1005 1417 (neque
1022 1340 1114 1400 enim
1131 1339 1212 1401 illae

156 1445 213 1488 res
242 1432 302 1488 aut
330 1426 379 1487 ita
408 1430 489 1487 sunt
518 1425 701 1502 obscurae,
732 1431 771 1486 ut
800 1426 1050 1503 testimonium,
1079 1435 1139 1488 aut
1163 1427 1211 1488 ita

157 1515 294 1591 dubiae,
310 1519 349 1574 ut
365 1513 602 1574 laudationem
620 1513 832 1592 desiderent)
852 1532 956 1592 quam
972 1514 1024 1575 rei
1040 1516 1212 1594 publicae,

158 1603 252 1680 quod
275 1607 376 1663 erant
400 1601 542 1680 quidam
572 1601 738 1680 improbi,
767 1602 826 1680 qui
856 1602 1112 1664 contentionem
1137 1603 1218 1664 fore

158 1689 312 1768 aliquam
335 1689 420 1749 mihi
445 1707 523 1750 cum
540 1689 705 1768 Pompeio
730 1708 772 1750 ex
788 1707 908 1750 rerum
924 1689 1065 1750 illarum
1083 1691 1213 1752 dissen-

157 1778 253 1840 sione
278 1777 547 1839 arbitrarentur.
586 1776 673 1838 Gum
689 1776 754 1838 hoc
779 1795 844 1855 ego
868 1795 922 1839 me
943 1782 1040 1838 tanta
1066 1778 1213 1839 familia·

156 1866 262 1928 ritate
286 1865 465 1943 coniunxi,
493 1871 531 1926 ut
560 1872 709 1944 uterque
738 1870 896 1926 nostrum
924 1865 960 1925 in
989 1884 1051 1926 sua
1075 1867 1215 1927 ratione

157 1954 324 2015 munitior
353 1960 388 2015 et
415 1954 452 2013 in
480 1972 518 2014 re
547 1953 688 2032 publica
717 1952 856 2014 firmior
879 1953 944 2014 hac
969 1953 1212 2015 coniunctione

129 2050 231 2104 8esse
255 2042 373 2120 possit.
413 2041 501 2103 Odia
527 2047 642 2101 autem
666 2041 727 2102 illa
752 2040 960 2102 libidinosae
984 2047 1018 2102 et
1043 2042 1214 2103 delicatae

156 2130 364 2206 iuventutis,
394 2147 483 2206 quae
512 2133 613 2189 erant
641 2127 677 2187 in
706 2147 760 2189 me
789 2128 949 2204 incitata,
978 2129 1027 2190 sic
1051 2130 1218 2208 mitigata

157 2222 237 2277 sunt
262 2216 425 2277 comitate
449 2216 601 2295 quadam
625 2233 714 2292 mea,
747 2234 800 2277 me
825 2234 931 2276 unum
956 2223 994 2277 ut
1018 2236 1137 2279 omnes
1160 2217 1212 2278 illi

157 2305 288 2379 colant;
323 2303 411 2386 nihil
440 2303 510 2364 iam
539 2303 689 2381 denique
718 2321 736 2364 a
768 2322 821 2365 me
845 2322 1007 2383 asperum
1035 2305 1072 2365 in
1097 2323 1218 2384 quem-

157 2411 262 2471 quam
278 2392 321 2452 iit
338 2410 400 2453 nec
418 2398 533 2452 tamen
551 2391 738 2470 quicquam
756 2392 925 2471 populare
941 2410 981 2453 ac
995 2392 1219 2470 dissolutum,

157 2482 217 2542 sed
249 2480 298 2540 ita
332 2484 526 2558 temperata
559 2484 632 2540 tota
663 2479 756 2540 ratio
792 2486 861 2556 est,
895 2487 933 2541 ut
965 2481 1017 2541 rei
1051 2481 1212 2560 publicae

157 2566 389 2630 constantiam
405 2573 589 2646 praestem,
605 2567 757 2645 privatis
773 2568 858 2629 meis
875 2569 981 2630 rebus
997 2574 1142 2648 propter
1162 2569 1212 2627 in-

156 2656 362 2717 firmitatem
379 2656 560 2731 honorum,
578 2653 799 2733 iniquitatem
814 2656 1076 2731 malevolorum,
1094 2654 1212 2716 odium

156 2744 193 2805 in
216 2764 270 2805 me
293 2744 535 2822 improborum
560 2742 744 2804 adhibeam
766 2745 941 2822 quandam
965 2744 1159 2805 cautionem
1178 2749 1212 2803 et

157 2832 375 2911 diligentiam
400 2836 504 2909 atque
527 2830 586 2908 ita,
610 2831 748 2893 tametsi
768 2831 822 2892 his
846 2832 947 2893 novis
965 2830 1127 2892 amicitiis
1150 2830 1216 2891 im-

156 2919 276 2998 plicati
302 2936 428 2994 sumus,
452 2924 491 2978 ut
511 2919 635 2980 crebro
656 2918 741 2979 mihi
759 2919 859 2980 vafer
883 2919 942 2980 ille
960 2918 1096 2980 Siculus
1120 2919 1217 2980 insu·-

156 3011 273 3068 surret
297 3006 530 3086 Epicharmus
554 3007 764 3068 cantilenam
788 3007 885 3067 illam
908 3025 1023 3067 suam:

157 3132 268 3210 ‘Neine
291 3129 345 3192 καὶ
369 3120 502 3211 μέμνασ)
529 3126 694 3194 άπιστεῖν·
720 3122 832 3211 ἄρθρα
850 3133 957 3194 ταῦτα
973 3135 1036 3192 τᾶν
1058 3129 1216 3211 ppavoiv.''

157 3257 206 3316 Ac
230 3261 370 3315 nostrae
395 3254 535 3332 quidem
558 3254 707 3314 rationis
732 3272 771 3315 ac
793 3255 886 3316 vitae
911 3254 1011 3333 quasi
1036 3254 1215 3332 quandam

157 3343 315 3420 formam,
339 3348 378 3403 ut
402 3342 536 3421 opinor,
560 3341 667 3402 vides.

129 3453 147 3505 9
245 3449 294 3508 De
318 3454 379 3509 tuo
404 3454 519 3509 autem
543 3445 683 3524 negotio
709 3464 811 3524 saepe
829 3447 873 3507 ad
896 3465 951 3507 me
975 3446 1108 3507 scribis.
1147 3445 1211 3506 Cui

157 3534 289 3596 mederi
314 3553 405 3595 nunc
430 3554 499 3595 non
523 3552 722 3613 possumus;
758 3539 809 3595 est
839 3533 930 3593 enim
959 3533 1047 3593 illud
1071 3539 1213 3592 senatus

157 3623 353 3684 consultum
377 3641 510 3684 summa
535 3621 761 3701 pedariorum
790 3620 971 3681 voluntate
999 3618 1129 3678 nullius
1153 3637 1210 3678 no·
