2742 4075
536 193 575 247 ad
594 192 667 247 fam.
687 192 739 259 IV,
758 195 783 247 5.
1147 178 1187 237 79

127 358 286 431 tempore
315 358 367 414 191
397 352 466 414 viri
494 352 680 414 clarissimi
709 351 935 427 interierunt,
966 352 1008 412 de
1038 351 1186 430 imperio

127 440 250 519 populi
268 440 415 502 Romani
440 446 537 502 tanta
560 439 753 502 deminutio
776 439 870 500 facta
888 443 948 516 est,
972 456 1091 499 omnes
1106 457 1185 517 pro-

126 528 266 589 vinciae
290 533 543 607 conquassatae
566 533 647 588 sunt
655 548 663 602 ;
689 527 725 589 in
742 527 845 588 unius
864 526 1090 587 mulierculae
1115 526 1186 588 ani·

126 615 221 677 mula
246 617 275 676 si
299 616 436 678 iactura
461 615 554 677 facta
579 620 645 692 est,
673 621 773 676 tanto
797 632 903 693 opere
931 613 1184 675 commoveris?

127 703 225 774 Quae
250 703 278 764 si
303 703 368 765 hoc
392 709 549 782 tempore
573 721 642 764 non
666 703 758 764 diem
782 720 882 764 suum
902 702 1041 778 obisset,
1064 701 1186 780 paucis

126 796 207 870 post
231 791 332 852 annis
356 797 473 853 tamen
496 791 527 852 ei
552 791 771 852 moriendum
796 790 872 865 fuit,
897 790 1062 868 quoniam
1082 790 1185 851 homo

125 884 211 940 nata
239 878 364 940 fuerat.
416 879 533 940 Etiam
561 884 598 939 tu
632 879 675 939 ab
707 879 802 940 hisce
829 878 936 939 rebus
968 877 1120 939 animum
1146 889 1212 942 ae5

127 966 377 1045 cogitationem
394 972 490 1028 tuam
515 984 624 1028 avoca
641 972 747 1045 atque
764 985 803 1028 99
819 966 937 1045 potius
952 964 1185 1040 reminiscere,

126 1072 218 1132 quae
236 1053 342 1133 digna
359 1061 420 1116 tua
437 1072 586 1134 persona
607 1059 697 1131 sunt,
720 1054 826 1130 illam,
851 1053 1019 1132 quamdiu
1044 1053 1075 1114 ei
1097 1071 1185 1132 opus

126 1141 245 1218 fuerit,
270 1142 409 1219 vixisse,
433 1161 502 1203 una
527 1160 659 1203 sumre
683 1142 824 1221 publica
841 1141 958 1217 fuisse,
981 1146 1024 1217 19,
1048 1146 1185 1219 patrem

126 1248 242 1306 suum,
271 1237 487 1309 praetorem,
516 1230 707 1306 consulem,
736 1247 905 1309 augurem
930 1229 1073 1305 vidisse,
1103 1229 1185 1290 adu·

125 1318 338 1379 lescentibus
369 1318 549 1397 primariis
578 1322 724 1397 nuptam
751 1317 869 1392 fuisse,
898 1317 1060 1378 omnibus
1083 1316 1185 1378 bonis

125 1423 238 1484 prope
269 1405 489 1484 perfunctam
518 1423 606 1473 esse.
639 1423 718 1465 cum
746 1423 803 1467 res
831 1404 971 1485 publica
1001 1404 1184 1478 occideret,

126 1493 200 1554 vita
226 1493 422 1555 excessisse.
461 1492 636 1569 Quidest,
661 1494 756 1572 quod
779 1498 817 1554 tu
843 1498 903 1553 aut
926 1492 987 1553 illa
1011 1510 1088 1552 cum
1112 1491 1182 1553 for·

125 1587 212 1642 tuna
246 1581 311 1642 hoc
344 1581 483 1643 nomine
514 1582 613 1660 queri
646 1581 812 1660 possitis?
864 1580 1021 1658 Denique
1049 1579 1120 1641 noli
1149 1586 1184 1640 te

126 1668 288 1730 oblivisci
313 1668 514 1731 Ciceronem
540 1687 614 1730 esse
637 1674 671 1730 et
695 1687 788 1744 eum,
818 1667 876 1746 qui
902 1667 980 1728 aliis
1004 1667 1183 1729 consueris

126 1757 331 1835 praecipere
360 1762 393 1817 et
421 1758 506 1818 dare
537 1756 734 1831 consilium,
766 1773 878 1834 neque
906 1755 1038 1815 imitari
1072 1754 1183 1815 malos

125 1843 293 1921 medicos,
318 1845 378 1923 qui
402 1845 438 1905 in
463 1844 586 1905 alienis
609 1843 741 1904 morbis
765 1842 980 1921 profitentur
1004 1846 1123 1902 tenere
1147 1859 1183 1902 se

125 1931 319 1994 medicinae
343 1932 532 2008 scientiam,
555 1931 623 2010 ipsi
648 1949 684 1993 99
708 1947 833 1991 curare
850 1947 920 1991 uon
943 1933 1098 2008 possunt,
1123 1929 1183 1990 sed

125 2019 257 2099 potius,
287 2039 376 2100 quae
400 2020 478 2082 aliis
501 2025 576 2082 tute
600 2019 804 2099 praecipere
828 2017 931 2095 99199,
956 2035 995 2080 99
1019 2022 1094 2079 1919
1118 2016 1182 2079 tibi

124 2108 246 2170 subice
277 2115 381 2188 atque
412 2110 504 2188 apud
536 2108 688 2170 animum
717 2125 883 2186 propone.
930 2105 1053 2167 Nullus
1083 2105 1210 2171 dolorss

125 2201 187 2272 est,
212 2215 314 2275 quem
337 2216 407 2258 non
431 2196 671 2275 longinquitas
692 2194 861 2274 temporis
878 2195 1012 2256 minuat
1036 2212 1076 2255 99
1101 2194 1183 2255 mol·

125 2284 197 2346 liat.
215 2285 307 2346 -Hoc
324 2291 358 2346 te
375 2291 578 2364 exspectare
602 2290 740 2362 tempus
763 2283 829 2343 tibi
853 2287 957 2361 turpe
980 2287 1088 2344 99199
1113 2300 1182 2342 non

125 2372 156 2433 ei
181 2372 234 2433 rei
258 2372 429 2451 sapientia
453 2377 564 2433 tuate
588 2389 783 2433 occurrere.
822 2369 923 2441 Quod
940 2370 969 2431 si
993 2371 1053 2449 qui
1077 2369 1183 2430 etiam

123 2458 250 2520 inferis
274 2478 394 2521 sensus
411 2466 471 2536 est,
496 2460 556 2538 qui
572 2459 668 2520 illius
690 2459 778 2519 inte
796 2476 893 2519 amor
910 2457 977 2519 fuit
1001 2457 1182 2536 pietasque

123 2548 162 2608 in
186 2548 299 2609 omnis
322 2566 412 2624 suos,
436 2547 501 2608 hoc
525 2552 620 2609 certe
643 2546 705 2607 illa
722 2551 756 2607 te
780 2545 897 2607 facere
914 2564 983 2606 non
1007 2545 1092 2606 vult.
1130 2544 1181 2605 Da

124 2635 191 2696 hoc
219 2635 271 2696 illi
300 2641 473 2712 mortuae,
505 2636 549 2696 da
579 2634 705 2696 ceteris
730 2633 850 2694 amicis
875 2651 914 2694 ac
937 2631 1182 2706 familiaribus,

124 2723 186 2802 qui
210 2728 272 2784 tuo
296 2724 417 2785 dolore
440 2727 606 2798 maerent,
630 2723 674 2783 da
699 2721 845 2801 patriae,
869 2726 917 2796 ut,
941 2720 969 2780 si
990 2737 1059 2798 qua
1082 2718 1120 2778 in
1143 2737 1182 2779 re

124 2828 214 2890 opus
238 2811 297 2887 sit,
326 2829 433 2890 opera
457 2817 491 2872 91
515 2809 661 2872 consilio
685 2814 747 2870 tuo
775 2809 827 2869 uti
851 2807 969 2887 possit.
1016 2807 1181 2885 Denique,

124 2898 291 2978 quoniam
314 2899 351 2959 in
375 2916 450 2960 eam
474 2898 653 2960 fortunam
678 2896 890 2972 devenimus,
914 2900 952 2956 ut
972 2896 1077 2957 etiam
1101 2894 1182 2955 huic

122 2986 177 3049 rei
206 2986 308 3048 nobis
337 2987 561 3048 serviendum
589 2986 648 3061 911,
676 2985 748 3045 noli
774 2984 999 3060 committere,
1027 2988 1066 3043 ut
1090 2983 1182 3062 quis·

124 3092 231 3154 quam
261 3080 295 3136 te
325 3079 425 3153 putet
456 3093 525 3136 non
556 3079 628 3135 tam
661 3072 774 3132 filiam
805 3089 910 3149 quam
939 3071 992 3133 rei
1020 3071 1182 3150 publicae

123 3167 283 3240 tempora
307 3167 342 3224 et
366 3162 515 3223 aliorum
538 3161 724 3222 victoriam
749 3159 878 3237 lugere.

213 3248 320 3311 Plura
344 3267 399 3311 me
423 3251 467 3312 ad
491 3255 525 3310 te
542 3249 584 3310 de
608 3248 673 3310 hac
697 3266 736 3308 re
753 3247 908 3308 scribere
931 3246 1048 3325 pudet,
1072 3263 1115 3307 ne
1132 3246 1181 3305 vi·

123 3338 210 3399 dear
234 3337 443 3416 prudentiae
467 3344 548 3398 tuae
572 3335 746 3397 diffidere.
786 3333 911 3410 Quare,
935 3333 1049 3395 911199
1073 3349 1181 3393 unum

122 3442 351 3504 proposuero,
375 3425 482 3487 finem
503 3423 630 3485 faciam
653 3422 846 3485 scribendi:
874 3421 1025 3483 vidimus
1049 3419 1180 3498 aliquo-

122 3513 215 3574 tiens
243 3513 431 3574 secundam
458 3511 694 3591 pulcherrime
724 3520 758 3571 19
787 3510 881 3571 ferre
909 3508 1089 3570 fortunam
1111 3525 1180 3569 ma·

121 3618 299 3680 gnamque
323 3619 365 3662 ex
394 3619 434 3662 ea
457 3619 497 3662 re
525 3605 559 3662 te
583 3600 723 3661 landem
751 3598 876 3676 apisci;
911 3596 967 3658 fac
992 3594 1181 3675 aliquando

122 3688 369 3767 intellegamus
394 3689 579 3750 adversam
604 3705 743 3766 quoque
766 3692 801 3747 te
830 3702 939 3763 aeque
963 3683 1057 3745 ferre
1079 3701 1180 3763 posse
