2742 4075
562 220 600 274 ad
620 220 680 275 Ait.
701 220 752 288 IV,
773 223 796 275 1.

494 381 541 442 14.
568 380 801 458 (1111111,
828 381 868 459 1.)

465 518 791 575 010110111100
812 519 896 575 sir.

241 645 327 707 Cum
351 645 504 724 primum
526 646 670 707 Romam
694 645 775 706 veni
799 644 944 723 fuitque,
969 644 1024 705 cui
1048 652 1142 707 recte
1165 647 1234 708 adl

150 740 186 796 te
210 732 346 794 litteras
371 734 500 810 darem,
525 732 612 794 nihil
637 733 736 811 prius
751 732 951 794 faciendum
974 732 1059 793 mihi
1075 735 1209 813 putavi,

152 839 259 900 quam
290 825 338 881 ut
359 820 424 882 tibi
458 821 594 882 absenti
625 821 667 881 de
701 820 818 881 reditu
849 825 970 882 nostro
998 822 1208 899 gratularer.

152 908 351 987 Cognoram
375 909 476 985 enim,
499 914 537 969 ut
554 926 637 970 vere
656 908 817 984 scribam,
842 915 875 970 10
899 908 935 968 in
951 908 1105 970 consiliis
1124 910 1209 971 mihi

151 996 278 1058 dandis
311 1014 374 1057 nec
409 996 592 1058 fortiorem
629 1014 692 1058 nec
723 996 986 1075 prudentiorem
1018 1015 1123 1075 quam
1155 1016 1209 1058 me

150 1085 267 1164 ipsum
291 1102 354 1145 nec
371 1085 476 1146 etiam
495 1103 561 1164 pro
578 1084 770 1163 praeterita
787 1102 863 1145 mea
880 1084 916 1144 in
933 1090 966 1145 te
983 1085 1209 1147 observantia

151 1173 298 1233 nimium
321 1172 359 1232 in
375 1173 534 1233 custodia
551 1171 675 1232 salutis
699 1190 796 1233 meae
813 1172 1024 1250 diligentem,
1049 1174 1209 1234 eundem-

151 1278 220 1339 que
243 1265 286 1338 te,
311 1260 370 1338 qui
394 1259 518 1339 primis
542 1259 760 1338 temporibus
775 1260 907 1321 erroris
930 1260 1042 1322 nostri
1067 1267 1127 1322 aut
1151 1281 1211 1340 po·

151 1348 222 1409 tius
245 1347 378 1410 furoris
402 1348 580 1427 particeps
605 1354 638 1409 et
666 1346 747 1408 falsi
776 1348 914 1410 timoris
938 1348 1052 1410 socius
1075 1348 1211 1427 fuisses,

152 1436 375 1498 acerbissime
401 1435 585 1497 discidium
614 1440 773 1497 nostrum
801 1436 922 1497 tulisse
951 1436 1211 1516 plurimumque

152 1542 294 1602 operae,
323 1524 444 1600 studii,
475 1523 693 1602 diligentiae,
723 1524 855 1585 laboris
885 1524 929 1585 ad
953 1524 1210 1587 conficiendum

151 1611 305 1674 reditum
328 1630 443 1673 meum
467 1611 663 1673 contulisse.
710 1612 833 1690 Itaque
862 1612 926 1673 hoc
951 1612 1016 1674 tibi
1045 1631 1127 1675 vere
1152 1615 1237 1676 ad·2

152 1698 272 1776 firmo,
302 1699 339 1760 in
370 1699 521 1760 maxima
552 1700 686 1760 laetitia
711 1706 745 1761 et
769 1700 1032 1778 exoptatissima
1055 1702 1209 1779 gratula-

152 1787 248 1848 tione
271 1805 378 1848 unum
396 1787 440 1848 ad
460 1787 708 1848 cumulandum
724 1787 893 1866 gaudium
909 1794 1131 1866 conspectum
1150 1796 1209 1851 aut

152 1874 271 1951 potius
295 1874 512 1953 complexum
536 1875 621 1935 mihi
646 1881 744 1936 tuum
769 1873 929 1936 defuisse.
972 1873 1081 1945 Quem
1105 1877 1210 1938 semel

155 1959 279 2021 nactus
307 1961 336 2021 si
366 1979 531 2040 umquam
561 1962 726 2025 dimisero
754 1980 803 2040 ac,
831 1962 898 2023 nisi
923 1962 1027 2023 etiam
1056 1969 1210 2042 praeter-

152 2048 278 2111 missos
312 2048 449 2111 fructus
483 2055 562 2112 tuae
600 2051 787 2113 suavitatis
824 2051 1007 2130 praeteriti
1043 2053 1210 2132 temporis

152 2155 272 2198 omnes
288 2155 447 2216 exegero,
470 2138 630 2218 profecto
649 2139 714 2201 1110
730 2139 952 2202 restitutione
969 2139 1132 2202 fortunae
1156 2161 1210 2203 me

151 2226 228 2305 ipse
251 2244 321 2287 non
345 2227 431 2287 satis
454 2226 599 2305 dignum
623 2227 795 2290 iudicabo.

241 2313 310 2375 Nos
335 2314 457 2390 adhuc,
481 2314 518 2374 in
542 2319 663 2377 nostro
688 2320 781 2377 statu
807 2317 901 2395 quod
925 2315 1135 2379 difficillime
1158 2328 1237 2379 re·3

153 2401 316 2480 cuperari
339 2419 441 2481 posse
466 2402 631 2465 arbitrati
655 2422 784 2480 sumus,
807 2404 1029 2483 splendorem
1052 2411 1210 2466 nostrum

151 2489 252 2550 illum
282 2488 457 2551 forensem
488 2496 522 2551 et
553 2490 591 2551 111
620 2497 743 2553 senatu
775 2493 1019 2554 auctoritatem
1051 2498 1085 2554 et
1117 2492 1210 2571 apud

152 2577 250 2638 viros
263 2577 372 2638 bonos
382 2577 536 2656 gratiam
552 2579 674 2657 magis,
688 2597 792 2658 quam
809 2584 1021 2659 optaramus
1033 2581 1210 2641 consecuti

151 2682 287 2739 sumus;
320 2665 357 2725 in
380 2682 420 2726 re
444 2670 560 2727 autem
591 2665 769 2744 familiari,
799 2685 888 2746 quae
919 2668 1209 2746 quemadmodum

150 2752 280 2829 fracta,
305 2752 488 2832 dissipata,
512 2753 650 2834 direpta
679 2755 725 2815 sit
753 2774 823 2817 11011
850 2755 1007 2835 ignoraS,
1036 2754 1138 2816 valde
1162 2754 1210 2816 la·

151 2841 318 2902 boramus
341 2845 552 2920 tuarumque
581 2860 650 2903 non
679 2848 751 2903 tam
779 2842 1000 2919 facultatum,
1029 2860 1116 2921 quas
1145 2861 1210 2922 ego

152 2933 291 2991 nostras
315 2946 390 2990 esse
413 2928 540 3006 iudico,
564 2948 668 3008 quam
684 2930 910 2993 consiliorum
934 2932 979 2993 ad
995 2931 1209 3010 colligendas

152 3021 187 3078 et
210 3015 473 3079 constituendas
495 3017 664 3096 reliquias
689 3023 828 3080 nostras
851 3018 1057 3098 indigemus.

239 3104 348 3181 Nunc,
372 3104 438 3166 etsi
454 3105 571 3167 omnia
595 3112 655 3167 aut
672 3106 803 3186 scripta
828 3124 938 3168 eseea
963 3107 1032 3168 tuis
1053 3107 1236 3169 arbitrorl

151 3195 212 3253 aut
236 3192 342 3254 etiam
366 3192 499 3254 nuntiis
523 3210 562 3254 ac
585 3211 728 3256 rumore
751 3194 897 3273 perlata,
921 3201 1037 3256 tamen
1062 3214 1101 3256 ea
1126 3196 1208 3255 scri-

150 3280 232 3342 bam
255 3280 366 3357 brevi,
391 3298 481 3359 quae
504 3285 538 3342 te
562 3287 647 3361 puto
671 3282 891 3360 potissimum
908 3301 950 3344 ex
974 3282 1059 3344 meis
1080 3281 1208 3343 litteris

151 3367 241 3429 velle
265 3385 484 3447 cognoscere.
524 3368 579 3431 Pr.
600 3369 716 3431 Nonas
740 3369 888 3432 Sextiles
912 3369 1108 3450 Dyrrachio
1132 3387 1208 3430 suin

151 3455 332 3534 profectus
363 3456 440 3536 ipso
470 3456 532 3518 illo
560 3456 629 3534 die,
662 3476 731 3537 quo
760 3457 816 3519 lex
845 3463 897 3519 est
925 3458 996 3520 lata
1026 3457 1068 3519 de
1099 3457 1208 3519 nobis.

151 3543 378 3606 Brundisium
401 3544 483 3606 veni
507 3544 615 3607 Nonis
638 3544 837 3608 Sextilibus.
879 3545 933 3607 Ibi
957 3544 1042 3606 mihi
1059 3545 1208 3607 Tulliola

150 3649 227 3694 mea
251 3631 320 3694 fuit
344 3639 485 3711 praesto
510 3632 619 3695 natali
643 3651 706 3695 suo
730 3633 807 3712 ipso
831 3633 896 3708 die,
926 3632 985 3710 qui
1010 3650 1092 3693 casu
1116 3633 1206 3693 idem

150 3719 280 3782 natalis
305 3724 381 3782 erat
405 3724 439 3781 et
463 3720 696 3781 Brundisinae
721 3719 877 3780 coloniae
908 3724 942 3780 et
966 3723 1046 3780 tuae
1071 3719 1207 3780 vicinae

1069 3835 1102 3886 2*
