2742 4075
565 167 604 222 ad
622 166 696 222 fam.
715 167 740 234 1,
759 169 784 222 9.
1162 152 1204 213 25

143 329 313 391 virorum.
360 327 441 404 Sed,
465 326 559 405 quod
582 332 617 389 tc
640 345 711 388 non
734 326 841 406 fugit,
865 326 950 388 haec
974 332 1055 388 sunt
1078 326 1115 387 in
1138 327 1203 388 hoc

143 434 274 496 genere
302 415 406 477 vitia:
442 420 476 476 et
509 415 743 477 verecundius
772 414 840 494 ipsi
872 414 915 475 de
945 432 1019 475 sese
1047 414 1204 476 scribant

143 521 286 567 necesse
308 509 369 581 est,
393 502 525 581 siquid
549 509 601 565 est
617 502 842 579 laudandum,
865 507 900 564 et
916 506 1149 581 praetereant,
1174 503 1202 563 si

144 592 231 671 quid
254 590 581 671 reprehendendum
605 595 665 652 est.
713 590 856 652 Accedit
879 590 998 667 etiam,
1027 595 1065 651 ut
1089 590 1204 651 minor

144 680 190 742 sit
214 679 319 757 fides,
346 679 461 740 minor
486 678 691 754 auctoritate,
720 678 821 739 multi
845 677 994 756 denique
1016 677 1204 757 reprehen-

144 769 233 831 dant
257 772 290 829 ct
315 767 433 829 dicant
450 766 722 828 verecundiores
738 784 812 828 esse
834 784 1025 845 praecones
1040 765 1204 827 ludorum

144 856 403 935 gymnicorum,
435 854 495 933 qui
529 872 607 915 cum
640 854 766 916 ceteris
795 872 942 915 coronas
972 853 1203 933 imposuerint

144 942 341 1005 victoribus
364 960 555 1021 eorumque
579 942 720 1004 nomina
743 960 871 1021 magna
890 960 976 1003 voce
999 942 1203 1022 pronuntia-

143 1031 230 1107 rint,
259 1049 337 1092 cum
368 1030 436 1109 ipsi
465 1034 546 1091 ante
575 1029 739 1090 ludorum
767 1030 968 1091 missionem
992 1048 1120 1091 corona
1145 1029 1203 1090 do-

145 1124 282 1196 nentur,
312 1118 419 1179 alium
443 1135 653 1196 praeconem
678 1117 877 1194 adhibeant,
904 1136 948 1179 ne
971 1136 1034 1179 sua
1058 1134 1143 1179 voce
1167 1135 1203 1178 se

143 1207 212 1286 ipsi
236 1206 390 1267 victores
414 1223 488 1268 esse
512 1205 724 1285 praedicent
763 1206 859 1267 Haec
883 1223 946 1266 nos
970 1206 1083 1267 vitare
1109 1205 1202 1285 cupi-

143 1313 220 1355 mus
244 1299 287 1370 et,
311 1295 340 1355 si
364 1294 493 1373 recipis
517 1310 658 1354 causam
682 1298 848 1370 nostram,
874 1293 1073 1370 vitabimus,
1096 1293 1202 1372 idque

144 1387 183 1443 ut
206 1382 326 1458 facias,
350 1398 524 1460 rogamus.

231 1469 280 1530 Ac
305 1469 463 1531 neforto
486 1468 624 1545 mirere,
648 1486 720 1546 cur,
752 1487 832 1530 cum
855 1469 939 1530 mihi
964 1487 1067 1549 saepe
1090 1475 1231 1531 osten-9

144 1556 239 1618 deris
263 1562 298 1619 tc
322 1557 584 1619 accuratissime
608 1563 810 1619 nostrorum
836 1561 1034 1637 temporum
1057 1557 1201 1619 consilia

145 1649 250 1723 atque
267 1650 413 1706 eventus
429 1645 558 1707 litteris
574 1645 831 1722 mandaturum,
856 1664 876 1707 a
892 1651 927 1706 te
942 1645 979 1708 id
995 1663 1087 1707 nunc
1103 1651 1202 1707 tanto

144 1750 250 1811 opere
279 1739 313 1794 et
342 1738 414 1794 tam
442 1732 561 1794 multis
590 1733 710 1794 verbis
733 1739 907 1811 petamus,
935 1733 996 1795 illa
1020 1751 1083 1796 nos
1108 1733 1202 1813 cupi·

145 1819 237 1880 ditas
272 1820 443 1896 incendit,
475 1821 517 1882 de
551 1839 619 1899 qua
652 1820 754 1881 initio
785 1821 925 1899 scripsi,
958 1820 1202 1896 festinationis,

146 1906 241 1983 quod
270 1906 403 1968 alacres
432 1907 547 1970 animo
576 1926 709 1985 sumuS,
738 1913 777 1969 ut
805 1912 840 1969 et
870 1909 977 1970 ceteri
1001 1907 1202 1970 viventibus

146 1993 247 2056 nobis
276 2011 318 2056 ex
346 1993 447 2057 libris
476 1995 545 2059 tuis
574 2014 637 2059 nos
668 2000 881 2075 cognoscant
909 2002 944 2059 et
973 2000 1106 2058 nosmet
1134 1995 1200 2076 ipsi

143 2081 218 2144 vivi
241 2082 392 2162 gloriola
417 2089 537 2146 nostra
561 2084 796 2165 perfruamur.
831 2084 897 2146 His
921 2086 1093 2147 derebus
1117 2084 1202 2164 quid
1214 2090 1249 2143 10

144 2174 287 2232 acturus
311 2171 367 2247 sis,
391 2172 420 2233 si
444 2172 509 2234 tibi
534 2191 603 2234 non
627 2179 679 2235 est
703 2173 896 2250 molestum,
918 2174 1094 2236 rescribas
1116 2172 1201 2234 mihi

142 2257 256 2320 velim.
299 2259 335 2321 Si
360 2260 452 2321 enim
476 2260 625 2339 suscipis
648 2279 799 2339 causam,
823 2261 1008 2323 conficiam
1032 2279 1201 2324 commen-

142 2346 252 2408 tarios
276 2365 396 2408 rerum
419 2347 588 2425 omnium,
615 2349 669 2410 sin
694 2353 810 2410 autem
834 2349 959 2411 differs
981 2368 1036 2412 me
1058 2350 1095 2411 in
1119 2356 1201 2411 tem-

142 2452 208 2512 pus
242 2434 353 2511 aliud,
387 2453 506 2496 coram
540 2441 655 2497 tecum
685 2437 820 2515 loquar.
878 2438 929 2499 'l'u
964 2438 1098 2500 interea
1132 2454 1201 2498 non

143 2522 296 2584 cessabis
320 2527 354 2584 et
371 2540 421 2599 ca,
445 2540 535 2601 quae
559 2522 667 2585 habes
683 2523 854 2601 instituta,
878 2525 1052 2605 perpolies
1068 2543 1201 2604 nosque

142 2608 276 2688 diliges.

494 2786 542 2848 16.
569 2787 628 2865 (ac
651 2786 732 2848 fam.
757 2787 782 2864 1,
807 2787 849 2865 9.)

355 2923 394 2977 M.
415 2922 570 2980 CICERO
592 2924 621 2980 S.
642 2924 677 2979 D.
699 2925 891 2980 LENTULO
912 2925 997 2980 IMP.

232 3043 472 3109 Periucundae
500 3049 586 3110 mihi
614 3049 758 3111 fuerunt
787 3050 925 3112 litterae
949 3055 1044 3128 tuae,
1074 3051 1226 3130 quibust

141 3132 300 3195 intellexi
325 3138 359 3194 te
382 3136 582 3214 perspicere
605 3156 718 3200 meam
740 3138 778 3199 in
801 3143 835 3200 te
859 3138 1025 3218 pietatem
1050 3176 1091 3183 —
1116 3139 1198 3218 quid

141 3221 234 3282 enim
259 3220 373 3283 dicam
396 3223 690 3302 benevolentiam,
714 3244 793 3287 cum
815 3226 904 3288 iliud
927 3227 1042 3307 ipsum
1066 3227 1200 3305 gravis·

141 3308 267 3370 simum
296 3315 331 3371 et
359 3310 616 3373 sanctissimum
645 3313 771 3375 nomen
799 3314 941 3393 pietatis
971 3314 1084 3376 levius
1115 3314 1200 3374 mihi

140 3397 276 3459 meritis
308 3416 393 3478 erga
426 3416 481 3460 me
514 3399 583 3461 tuis
611 3419 686 3463 esse
715 3402 902 3464 videatur?
955 3400 1056 3472 Quod
1084 3406 1200 3462 autem

141 3484 206 3545 tibi
234 3491 337 3564 grata
365 3505 441 3549 mea
473 3505 558 3566 erga
589 3494 623 3550 te
646 3490 764 3551 studia
788 3489 914 3551 scribis
937 3507 1020 3565 esse,
1049 3487 1137 3549 facis
1160 3495 1200 3549 tu

141 3572 281 3651 quidem
306 3574 522 3638 abundantia
547 3577 699 3655 quadam
723 3577 866 3654 amoris,
895 3582 934 3637 ut
962 3576 1067 3638 etiam
1095 3582 1199 3655 grata

139 3659 211 3722 sint
239 3679 293 3737 ea,
324 3681 413 3741 quae
441 3665 678 3743 praetermitti
707 3666 782 3727 sine
811 3663 947 3726 nefario
976 3663 1106 3725 scelere
1130 3681 1199 3723 non
