2742 4075
154 166 172 225 6
629 179 653 248 1,
673 182 698 235 a.
717 183 742 234 4.

155 340 212 401 lat.
259 341 326 401 Res
351 358 409 402 eas
432 340 540 419 gessi,
572 359 720 419 quarum
747 339 900 418 aliquam
923 340 960 401 in
989 342 1059 403 tuis
1083 342 1212 405 litteris

155 433 189 489 et
205 434 346 490 nostrae
362 428 629 489 necessitudinis
646 433 680 489 et
696 428 749 489 rei
765 447 796 506 p.
814 446 919 489 causa
936 430 1209 507 gratulationem

155 515 371 594 exspectavi;
398 534 501 594 quarn
527 534 592 595 ego
617 517 679 578 abs
695 521 729 576 te
753 516 1038 594 praetermissam
1059 536 1134 579 esse
1159 537 1211 580 ar-

154 603 278 680 bitror,
308 604 402 681 quod
425 621 602 680 vererere,
631 621 674 665 ne
699 603 797 680 cuius
826 603 980 664 animum
1004 604 1211 668 offenderes.

154 690 222 753 Sed
246 691 333 752 scito
358 709 412 765 ea,
441 709 531 769 quae
555 709 618 753 nos
641 709 707 770 pro
731 690 843 753 salute
871 692 1009 770 patriae
1032 693 1211 772 gessimus,

154 779 251 840 orbis
275 783 392 840 terrae
415 778 545 840 iudicio
563 797 602 840 ac
627 779 827 840 testimonio
845 780 1086 858 comprobari;
1113 800 1211 859 quae,

154 884 233 926 cum
257 866 404 942 veneris
428 871 526 927 tanto
551 867 698 928 consilio
722 872 890 945 tantaque
908 867 1014 928 animi
1038 868 1211 947 magnitu-

154 953 235 1014 dine
260 972 349 1016 ame
372 958 471 1032 gesta
487 972 562 1015 esse
587 972 783 1033 cognosces
807 959 846 1015 ut
861 954 925 1016 tibi
950 956 1060 1016 multo
1077 956 1211 1031 maiori,

155 1059 259 1119 quarn
283 1041 470 1102 Africanus
493 1041 579 1118 fuit,
607 1061 661 1104 me
685 1061 755 1104 uon
778 1040 888 1103 multo
913 1042 1082 1104 minorem
1107 1061 1211 1122 quam

154 1129 311 1190 Laelium
334 1129 437 1190 facile
466 1135 500 1191 et
523 1130 560 1191 in
583 1148 623 1191 re
647 1149 678 1209 p.
703 1135 737 1192 et
761 1130 797 1190 in
829 1129 982 1191 amicitia
1009 1131 1212 1192 adiunctum

154 1234 228 1278 esse
253 1218 400 1296 patiare.
1059 1217 1061 1220 ’

508 1393 855 1471 Mmmum

472 1531 626 1588 omaso
646 1531 798 1588 arrico
819 1531 902 1586 sm.

128 1673 142 1725 1
242 1656 317 1717 Non
334 1657 445 1734 modo,
468 1657 497 1718 si
513 1656 598 1717 mihi
616 1661 752 1718 tantum
770 1661 859 1718 esset
875 1656 947 1733 otii,
972 1661 1142 1734 quantum
1159 1661 1211 1717 est

154 1743 234 1820 tibi,
266 1762 389 1806 verum
418 1744 536 1821 etiam,
569 1745 598 1805 si
631 1750 704 1805 tam
736 1745 862 1806 breves
890 1743 1058 1822 epistulas
1087 1742 1212 1805 vellem

154 1831 306 1906 mittere,
341 1850 445 1910 quam
473 1838 511 1893 tu
541 1832 644 1908 soles,
678 1831 782 1893 facile
813 1837 847 1893 te
881 1849 1085 1910 superarem
1113 1837 1147 1892 et
1174 1830 1211 1891 in

154 1919 339 1981 scribendo
368 1920 478 1981 multo
511 1938 621 1981 essem
649 1920 808 1981 crebrior
840 1937 944 1998 quam
973 1924 1020 1979 tu.
1071 1918 1139 1980 Sed
1168 1919 1212 1979 ad

155 2024 306 2069 summas
323 2013 428 2086 atque
444 2007 669 2070 incredibiles
686 2007 932 2086 occupationes
948 2024 1043 2069 meas
1067 2005 1210 2081 accedit,
1246 2072 1248 2077 ι

155 2096 248 2173 quod
273 2095 404 2155 nullam
429 2113 448 2155 a
472 2114 526 2156 me
551 2095 631 2156 volo
655 2095 842 2173 epistulam
867 2095 910 2156 ad
935 2099 968 2156 te
993 2095 1067 2155 sine
1092 2094 1211 2173 aliquo

156 2188 362 2260 argumento
387 2201 426 2243 ac
451 2183 623 2244 sententia
647 2182 842 2260 pervenire.
889 2183 935 2243 Et
959 2183 1111 2261 primum
1136 2182 1211 2258 tibi,

155 2274 193 2330 ut
218 2288 368 2348 aequum
391 2274 443 2332 est
467 2271 536 2331 civi
561 2270 693 2331 amanti
718 2269 879 2348 patriam,
904 2288 993 2349 quae
1017 2270 1088 2331 sint
1112 2270 1211 2331 inre

154 2357 309 2436 publica,
333 2375 521 2436 exponam;
560 2357 699 2433 deinde,
728 2357 893 2437 quoniam
918 2357 982 2418 tibi
1008 2375 1125 2419 amore
1149 2375 1212 2418 nos

154 2445 307 2522 proximi
331 2463 463 2523 sumus,
492 2445 685 2507 scribemus
713 2445 818 2507 etiam
844 2441 890 2507 'de
914 2445 1015 2507 nobis
1039 2463 1094 2521 ea,
1123 2463 1212 2523 quae

155 2532 245 2593 scire
269 2538 303 2594 te
327 2551 397 2594 non
421 2533 513 2594 nolle
537 2533 762 2594 arbitramur.
843 2548 845 2550 ·

127 2638 144 2690 2
244 2620 357 2699 Atque
381 2621 417 2682 in
440 2640 479 2682 re
503 2621 644 2699 publica
674 2639 766 2681 nunc
791 2619 932 2699 quidem
960 2620 1110 2681 maxime
1133 2618 1212 2699 Gal-

155 2707 212 2770 lici
237 2709 321 2771 belli
336 2717 499 2783 versatur
516 2714 634 2770 metus.
670 2708 758 2769 Nam
774 2707 922 2784 Haedui,
946 2707 1076 2768 fratres
1091 2706 1212 2782 nostri,

154 2814 309 2874 pugnam
342 2815 453 2875 nuper
482 2796 610 2856 malam
641 2801 859 2875 pugnarunt,
893 2801 927 2856 et
956 2795 1109 2856 Helvetii
1139 2794 1213 2855 sine

156 2884 262 2945 dubio
291 2889 372 2945 sunt
400 2885 437 2944 in
468 2884 575 2944 armis
606 2883 900 2962 excursionesque
927 2883 964 2943 in
994 2881 1212 2961 provinciam

155 2971 298 3033 faciunt.
345 2971 493 3033 Senatus
522 2972 692 3048 decrevit,
724 2979 763 3032 ut
787 2971 945 3032 consules
970 2970 1057 3032 duas
1081 2969 1214 3030 Gallias

155 3059 377 3135 sortirentur,
406 3059 554 3121 dilectus
582 3060 787 3134 haberetur,
816 3059 1017 3120 vacationes
1047 3076 1090 3119 ne
1121 3057 1213 3118 vals-

155 3152 243 3222 rent,
267 3147 375 3225 legati
400 3165 478 3208 cum
503 3148 713 3208 auctoritate
737 3146 970 3222 mitterentur,
995 3145 1055 3224 qui
1073 3145 1213 3206 adirent

156 3235 290 3296 Galliae
314 3235 476 3296 civitates
506 3235 700 3313 darentque
730 3253 886 3312 operam,
918 3253 961 3295 ne
986 3251 1046 3295 eae
1075 3251 1111 3294 se
1136 3250 1215 3293 cum

155 3322 328 3384 Helvetiis
352 3323 611 3400 coniungerent.
650 3322 773 3401 Legati
797 3329 878 3384 sunt
902 3321 939 3392 Q.
958 3321 1117 3382 Metellus
1134 3319 1214 3381 Ore-

155 3411 245 3471 ticus
269 3415 303 3471 et
320 3410 355 3472 L.
373 3411 519 3471 Flaccus
543 3416 585 3486 et,
610 3406 650 3473 τὸ
676 3408 729 3472 ἐπὶ.
743 3414 784 3490 τῇ
799 3414 887 3490 φακῇ
903 3404 1020 3490 μύρον,
1046 3406 1214 3469 Lentulus

128 3497 316 3568 aOlodiani
340 3497 446 3559 filius,
483 3498 595 3579 Atque
612 3498 678 3559 hoc
703 3498 780 3559 loco
804 3497 892 3559 illud
908 3516 978 3559 non
1002 3514 1091 3575 queo
1115 3513 1214 3574 prae·

156 3585 277 3661 terire,
308 3587 415 3665 quod,
447 3604 525 3648 curn
554 3587 596 3648 de
625 3586 870 3648 consularibus
899 3603 975 3646 mea
1000 3583 1113 3663 prima
1138 3601 1215 3644 sors

155 3673 292 3752 exisset,
316 3693 385 3735 una
402 3692 487 3735 voce
512 3681 653 3736 senatus
669 3673 838 3752 frequens
853 3672 1076 3734 retinendum
1099 3690 1154 3732 me
1178 3670 1215 3730 in
