2742 4075
555 181 593 235 ad
613 179 686 236 fam.
706 181 741 249 V,
760 182 802 235 12.
1165 168 1205 226 21

145 342 309 405 consules
333 340 627 420 conscripserunt,
651 359 721 420 qua
745 340 911 420 Pompeio
935 359 998 420 per
1015 340 1206 420 quinquen·

145 430 245 492 nium
268 429 381 491 omnis
405 434 559 508 potestas
583 429 635 491 rei
659 428 912 490 frumentariae
936 433 1010 491 toto
1030 429 1115 490 orbe
1139 435 1206 490 ter-

144 537 269 581 rarum
294 518 449 594 daretur,
474 516 621 578 alteram
637 516 793 594 Messius,
818 516 878 595 qui
902 517 1015 578 omnis
1038 516 1206 596 pecuniae

146 607 209 669 dat
232 610 442 686 potestatem
470 610 503 667 et
534 605 695 684 adiungit
724 605 869 666 classem
892 611 927 666 et
956 604 1149 680 exercitum
1173 610 1206 666 et

146 694 260 756 maius
283 693 470 773 imperium
493 693 530 754 in
553 692 760 773 provinciis,
790 711 895 771 quam
918 692 963 753 sit
987 710 1122 769 eorum,
1146 693 1206 770 qui

146 800 208 844 eas
236 781 425 843 obtineant.
470 780 536 843 Illa
566 786 688 843 nostra
717 780 773 842 lex
803 780 997 842 consularis
1021 798 1113 842 nunc
1136 798 1206 841 mo·

148 870 247 931 desta
275 869 431 946 videtur,
459 869 545 930 haec
573 868 691 931 Messii
722 887 791 930 non
819 868 974 931 ferenda.
1021 868 1206 948 Pompeius

145 957 244 1020 illam
267 957 358 1019 velle
381 956 528 1032 sedicit,
552 956 745 1018 familiares
761 956 859 1019 hanc.
893 955 1102 1018 Consulares
1120 957 1206 1018 duce

146 1044 305 1107 Favonio
328 1044 501 1119 fremunt;
529 1062 591 1105 nos
607 1049 771 1121 tacemus,
795 1049 829 1106 et
845 1063 886 1107 eo
900 1044 1022 1123 magis,
1046 1044 1140 1122 quod
1164 1044 1206 1105 de

148 1133 251 1195 domo
286 1138 407 1194 nostra
440 1131 528 1192 nihil
564 1132 677 1193 adhuc
716 1132 903 1211 pontifices
939 1132 1206 1212 responderunt.

147 1219 215 1292 Qui
239 1221 268 1283 si
293 1220 500 1282 sustulerint
521 1219 738 1299 religionem,
764 1238 881 1282 aream
904 1220 1124 1299 praeclaram
1148 1220 1206 1280 ha·

146 1309 307 1371 bebimus
315 1329 323 1384 ;
361 1307 586 1388 superficiem
616 1308 776 1369 consules
806 1327 849 1370 ex
878 1314 1019 1370 senatus
1048 1307 1206 1369 consulto

147 1397 399 1472 aestimabunt;
430 1397 485 1458 sin
509 1395 621 1472 aliter,
646 1395 886 1473 demolientur,
910 1414 972 1457 suo
996 1395 1135 1457 nomine
1159 1395 1206 1456 lo·

146 1486 286 1562 eabunt,
309 1502 384 1546 rem
408 1489 517 1546 totam
543 1483 786 1545 aestimabunt.

235 1574 289 1634 Ita
313 1577 394 1633 sunt
416 1590 473 1633 res
497 1577 648 1649 nostrae,

148 1663 209 1724 ‘Ut
232 1663 274 1721 in
298 1661 494 1723 secundis
518 1659 674 1737 fluxae,
703 1666 747 1721 ut
770 1660 811 1721 in
836 1660 1032 1722 advorsis
1055 1659 1233 1722 bonae’.8

146 1750 188 1811 In
222 1766 262 1810 re
294 1747 462 1809 familiari
495 1747 599 1810 valde
634 1766 769 1824 sumus,
804 1754 842 1809 ut
878 1749 964 1824 scis,
998 1748 1206 1827 perturbati.

147 1837 337 1897 Praeterea
361 1840 442 1897 sunt
466 1836 638 1915 quaedam
655 1835 855 1912 domestica,
880 1853 969 1914 quae
992 1835 1120 1897 litteris
1137 1853 1206 1895 non

151 1922 338 1984 committe.
385 1920 552 1993 Quintum
575 1923 723 1985 fratrem
747 1922 877 2002 insigni
901 1923 1040 2003 pietate,
1065 1922 1206 1998 virtute,

148 2008 223 2073 fide
251 2009 450 2090 praeditum
478 2011 527 2074 sic
556 2030 648 2090 amo,
677 2017 716 2073 ut
745 2011 862 2074 debeo.
909 2012 956 2075 Te
985 2015 1148 2090 exspecto
1172 2017 1206 2071 et

147 2116 226 2176 oro,
256 2105 294 2161 ut
321 2105 476 2162 matures
500 2101 621 2162 venire
645 2118 756 2179 eoque
781 2101 896 2162 animo
924 2099 1060 2176 venias,
1090 2104 1128 2160 ut
1151 2116 1206 2160 me

147 2194 208 2249 tuo
232 2187 378 2249 consilio
394 2206 498 2268 egere
522 2207 592 2250 non
608 2190 712 2250 sinas.
746 2187 901 2250 Alterius
918 2188 1011 2250 vitae
1029 2187 1205 2266 quoddam

146 2275 286 2337 initium
309 2275 478 2338 ordimur.
517 2277 591 2337 Iam
615 2277 768 2356 quidam,
792 2276 852 2355 qui
877 2296 940 2339 nos
964 2276 1125 2338 absentes
1150 2276 1205 2336 de·

146 2363 344 2441 fenderunt,
360 2363 534 2442 incipiunt
547 2364 792 2442 praesentibus
806 2365 940 2426 occulte
952 2364 1067 2440 irasci,
1085 2367 1205 2443 aperte

146 2451 314 2524 invidere.
362 2451 593 2513 Vehementer
617 2457 651 2514 te
674 2452 896 2531 requirimus

481 2643 531 2706 15.
558 2644 617 2722 (ad
640 2643 720 2729 fam.
746 2646 784 2721 V,
811 2644 873 2721 12.)

332 2765 371 2819 M.
393 2764 547 2821 CICERO
569 2764 598 2821 S.
619 2765 655 2821 D.
676 2766 711 2821 L.
730 2764 912 2821 LUCCEIO
933 2765 968 2829 Q.
989 2765 1022 2819 F.

111 2956 117 2969 Ι
237 2887 363 2950 Coram
386 2909 441 2951 me
458 2897 572 2953 tecum
596 2892 717 2953 eadem
733 2890 818 2952 haec
836 2909 941 2969 agere
961 2908 1064 2970 saepe
1081 2903 1231 2953 conen-1

148 2980 219 3036 tem
243 2975 414 3038 deterruit
437 2980 551 3058 pudor
569 2980 712 3058 quidam
736 2992 846 3058 paene
864 2979 1092 3056 subrusticus,
1117 2996 1206 3057 quae

147 3079 241 3124 nunc
265 3079 467 3144 expromam
491 3067 616 3128 absens
641 3066 808 3128 audacius
816 3087 824 3141 ;
851 3067 1000 3146 epistula
1024 3067 1116 3129 enim
1137 3085 1207 3128 non

147 3150 332 3212 erubescit.
368 3150 484 3213 Ardeo
508 3154 701 3233 cupiditate
717 3154 917 3216 incredibili
941 3173 1062 3234 neque,
1086 3163 1125 3216 ut
1142 3173 1206 3234 ego

147 3238 314 3316 arbitror,
342 3239 640 3319 reprehendenda,
671 3260 796 3303 nomen
820 3247 859 3303 ut
882 3247 1042 3304 nostrum
1066 3243 1207 3321 scriptis

147 3326 345 3388 illustretur
374 3332 408 3389 et
432 3327 627 3390 celebretur
651 3329 730 3392 tuis.
780 3328 881 3401 Quod
905 3331 970 3392 etsi
993 3330 1079 3389 mihi
1103 3347 1207 3407 saepe

147 3414 331 3476 ostendisti
348 3422 382 3477 te
397 3432 474 3477 esse
488 3414 674 3494 facturum,
694 3424 811 3479 tamen
826 3419 989 3497 ignoscas
1004 3417 1110 3478 velim
1125 3416 1207 3477 huic

147 3500 364 3565 festinationi
394 3522 500 3566 meae.
551 3503 667 3566 Genus
696 3506 788 3567 enim
818 3506 1031 3586 scriptorum
1066 3510 1207 3566 tuorum

146 3589 212 3651 etsi
228 3595 304 3652 erat
321 3609 458 3672 semper
476 3611 495 3655 a
511 3610 566 3654 me
584 3593 808 3655 vehementer
825 3597 1074 3673 exspectatum,
1090 3599 1206 3654 tamen

146 3676 232 3739 vicit
256 3678 455 3757 opinionem
479 3699 592 3744 meam
608 3698 733 3759 meque
756 3681 806 3741 ita
823 3680 880 3742 vel
903 3679 995 3758 cepit
1012 3679 1069 3742 vel
1092 3680 1206 3739 incen-
