2742 4075
501 246 540 301 aa
559 245 632 301 ram.
652 245 714 313 xv,
734 248 759 301 5.
778 248 802 300 c.
1137 230 1179 290 47

122 408 274 471 vinciam
305 425 410 486 quam
440 407 475 469 vi
508 406 659 467 militum
693 410 753 467 aut
784 404 1003 484 benignitate
1035 405 1180 466 deorum

121 500 295 558 retentam
313 500 418 574 atque
435 499 679 557 conservatam
696 511 786 570 esse;
813 493 907 572 quod
924 511 989 572 ego
1013 510 1088 554 mea
1106 510 1179 554 sen·

121 584 232 646 tentia
257 583 449 645 censebam.

210 671 326 750 Atque
349 671 435 733 haec
463 688 528 750 ego
556 670 690 732 idcirco
719 670 764 731 ad
788 676 822 731 te
851 675 973 731 contra
998 674 1208 730 consuetu-3

121 760 240 821 dinem
264 777 376 820 meam
399 758 560 838 pluribus
577 757 712 838 scripsi,
736 762 783 834 ut,
808 758 901 837 quod
922 756 1073 818 maxime
1091 757 1179 832 volo,

123 846 301 909 existimes
334 864 387 908 me
420 847 598 922 laborare,
632 851 671 907 ut
701 846 765 908 tibi
797 846 1026 924 persuadeam
1060 862 1113 905 me
1146 850 1179 905 et

123 934 276 995 voluisse
300 934 342 995 de
365 939 426 995 tua
443 934 633 1011 maiestate,
658 934 753 1012 quod
770 933 1020 1013 amplissimum
1044 932 1110 993 sim
1126 950 1179 993 ar-

121 1022 289 1099 bitratus,
313 1027 361 1098 et,
385 1022 480 1101 quod
503 1026 542 1082 tu
565 1021 734 1098 maluisti,
762 1020 894 1083 factum
918 1038 992 1083 esse
1015 1021 1179 1099 gaudere.

123 1109 209 1171 Vale
241 1116 275 1170 et
306 1127 370 1171 nos
401 1109 509 1188 dilige
542 1114 576 1171 et
606 1109 768 1170 instituto
798 1109 924 1170 itinere
955 1107 1180 1170 severitatem

123 1196 413 1276 diligentiamque
437 1197 541 1259 sociis
564 1201 598 1258 et
621 1197 673 1258 rei
698 1215 729 1275 p.
754 1201 903 1275 praesta.

453 1462 503 1523 21.
529 1461 588 1539 (ad
611 1460 692 1521 fam.
716 1461 786 1537 XV,
811 1460 853 1538 6.)

370 1600 410 1654 Μ.
432 1598 586 1656 CICERO
607 1598 637 1654 S.
657 1599 692 1654 D.
713 1599 752 1655 M.
775 1597 937 1655 CATONI.

212 1724 377 1785 ‘Laetus
401 1742 487 1785 sum
511 1723 679 1784 laudari
704 1722 786 1799 me',
808 1723 925 1802 inquit
944 1724 1084 1800 Hector,
1108 1723 1205 1803 opi-1

124 1829 199 1888 nor,
216 1812 310 1892 apud
324 1812 503 1887 Naevium,
519 1810 605 1872 ‘abs
621 1815 673 1887 te,
690 1817 823 1890 pater,
840 1830 860 1872 a
877 1812 1047 1873 laudato
1064 1811 1179 1873 viro'.

125 1899 178 1959 Ea
202 1904 254 1960 est
277 1899 369 1960 enim
393 1898 552 1978 profecto
575 1898 728 1960 iucunda
752 1898 837 1976 laus,
861 1917 951 1979 quae
968 1899 1011 1961 ab
1034 1899 1078 1959 iis
1102 1917 1180 1977 pro·

126 1985 308 2064 ficiscitur,
333 1987 392 2066 qui
416 1986 483 2066 ipsi
506 1986 544 2049 in
567 1986 671 2049 lauda
696 1987 869 2050 vixerunt.
915 1987 991 2067 Ego
1015 2005 1100 2050 vero
1124 1986 1180 2048 vel

127 2075 365 2153 gratulatione
394 2075 592 2138 litterarum
621 2080 762 2137 tuarum
791 2076 848 2138 vel
875 2076 1083 2137 testimoniis
1106 2094 1180 2137 sen-

125 2162 255 2224 tentiae
273 2163 386 2225 dictae
402 2162 491 2225 nihil
504 2168 556 2226 est
569 2164 664 2243 quod
679 2182 735 2225 me
748 2182 817 2225 non
834 2164 1035 2225 adsecutum
1052 2170 1180 2243 putem,

125 2250 231 2329 idque
255 2250 339 2312 mihi
370 2270 448 2313 cum
479 2252 732 2331 amplissimum
755 2256 828 2312 tum
857 2251 1096 2330 gratissimum
1120 2257 1180 2328 est,

124 2346 159 2400 te
190 2338 340 2400 libenter
371 2339 544 2401 amicitiae
574 2340 725 2417 dedisse,
753 2339 847 2418 quod
875 2338 1008 2418 liquido
1036 2340 1180 2401 veritati

125 2427 237 2487 dares.
283 2426 343 2502 Et,
366 2426 396 2487 si
419 2444 490 2487 non
513 2428 616 2489 modo
640 2445 772 2505 omnes,
799 2445 923 2488 verum
951 2428 1056 2489 etiam
1080 2427 1180 2488 multi

125 2512 276 2575 Catones
299 2518 414 2575 essent
437 2514 474 2575 in
498 2514 641 2578 civitate
668 2520 802 2592 nostra,
830 2514 868 2576 in
896 2533 965 2593 qua
993 2534 1100 2576 unum
1124 2533 1180 2576 ex·

125 2599 255 2663 stitisse
286 2600 447 2663 mirabile
480 2607 546 2680 est,
579 2621 680 2683 quem
713 2621 778 2682 ego
809 2620 952 2664 currum
985 2607 1045 2664 aut
1076 2621 1181 2681 quam

125 2688 282 2750 lauream
312 2707 390 2751 cum
418 2695 479 2753 tua
513 2690 715 2753 laudatione
744 2689 965 2753 conferrem?
1019 2691 1108 2751 Nam
1136 2690 1180 2751 ad

124 2795 239 2839 meum
262 2795 401 2839 sensum
425 2784 459 2841 et
484 2780 528 2841 ad
556 2779 644 2840 illud
673 2779 848 2840 sincerum
877 2796 917 2839 ac
941 2778 1069 2839 subtile
1092 2777 1180 2838 iudi·

126 2864 217 2925 cium
241 2864 329 2925 nihil
345 2871 461 2945 potest
477 2885 551 2929 esse
567 2866 780 2929 laudabilius
798 2884 902 2946 quam
919 2884 958 2928 ea
980 2872 1040 2927 tua
1057 2865 1180 2941 oratic,

125 2958 290 3030 quaeest
314 2954 436 3015 adme
464 2953 660 3034 perscripta
690 2972 709 3015 a
738 2954 824 3015 meis
852 2954 1066 3016 necessariis.
1113 2953 1207 3016 Sed2

125 3057 266 3101 causam
282 3059 379 3102 meae
395 3042 596 3118 voluntatis
620 3060 690 3103 non
706 3042 798 3103 enim
821 3041 934 3102 dicam
950 3042 1180 3121 ‘cupiditatis’,

125 3128 269 3207 exposui
285 3128 350 3190 tibi
366 3129 608 3208 superioribus
624 3129 769 3205 litteris;
796 3147 885 3208 quae
902 3129 1038 3191 etiamsi
1055 3148 1180 3209 parum

124 3216 216 3277 iusta
241 3216 305 3277 tibi
330 3216 406 3277 visa
431 3221 496 3293 est,
519 3216 608 3279 hanc
632 3222 749 3278 tamen
773 3217 879 3279 habet
901 3217 1087 3293 rationem,
1111 3234 1180 3277 non

124 3310 163 3364 ut
186 3304 289 3364 nimis
313 3303 610 3382 concupiscendus
632 3305 757 3382 honos,
788 3305 849 3366 sed
876 3309 1007 3382 tamen,
1035 3305 1064 3365 si
1089 3303 1180 3366 deie-

124 3395 225 3452 ratur
254 3409 274 3452 a
303 3397 439 3468 senatu,
468 3385 608 3453 minime
638 3393 880 3471 aspernandus
908 3410 981 3454 esse
1007 3392 1179 3453 videatur.

124 3478 234 3557 Spero
259 3483 374 3541 autem
397 3479 497 3540 illum
521 3480 680 3541 ordinem
704 3498 769 3559 pro
792 3480 879 3542 meis
903 3480 947 3541 ob
971 3498 1046 3541 rem
1070 3498 1101 3558 p.
1126 3497 1180 3539 su·

124 3566 252 3646 sceptis
276 3566 457 3629 laboribus
485 3586 538 3629 me
569 3585 639 3629 non
661 3568 846 3647 indignum
875 3568 1022 3644 honore,
1049 3567 1180 3628 usitato

124 3654 341 3733 praesertim,
365 3655 653 3717 existimaturum.
689 3655 791 3727 Quod
815 3655 843 3716 si
867 3655 917 3715 ita
933 3652 1019 3730 erit,
1043 3659 1179 3715 tantum

124 3760 167 3804 ex
196 3746 230 3804 te
257 3746 352 3820 peto,
386 3743 479 3821 quod
510 3743 718 3805 amicissime
750 3741 890 3818 scribis,
923 3745 975 3814 ut,
1010 3758 1088 3801 cum
1119 3747 1180 3800 tuo
