2742 4075
177 128 218 189 38
497 139 513 161 *
629 143 787 210 1,1e-1a.

177 304 262 382 Ego,
288 301 373 381 quid
398 302 443 363 ad
466 307 500 363 te
516 307 659 363 tuorum
682 302 831 381 quisque
847 301 1125 364 necessariorum
1150 302 1245 373 scrif

176 390 250 467 bat,
278 389 411 465 nescim
449 389 567 451 varias
598 408 671 451 esse
701 390 882 469 opiniones
910 390 1085 469 intellego,
1135 388 1244 466 Sunt,
1358 467 1359 470 Ἴ

177 478 236 558 qui
267 483 392 557 putant
420 495 522 557 posse
551 483 585 539 te
613 496 683 539 non
712 478 893 555 decedere,
926 478 1021 557 quod
1054 477 1128 539 sine
1157 477 1243 556 lege
1358 473 1359 538 l

177 566 313 628 curiata
337 565 402 627 tibi
427 566 651 641 succedatur;
685 571 766 628 sunt
790 566 903 643 etiam,
928 566 998 645 qui,
1022 566 1051 626 si
1076 565 1243 643 decedas,
1358 581 1359 612 1

178 660 255 716 ate
278 653 431 732 relinqui
447 671 557 732 posse,
582 653 642 732 qui
659 654 864 733 provinciae
880 654 1021 733 praesit.
1061 653 1146 715 Mihi
1163 672 1243 715 non
1301 691 1305 697 -
1358 683 1359 696 .

176 748 248 803 tam
277 741 319 803 de
348 742 424 803 iure
453 747 587 802 eertum
616 748 667 803 est
701 743 927 821 (quamquam
954 758 998 803 ne
1026 741 1063 803 id
1093 741 1243 821 quidem

177 829 279 891 valde
311 829 456 891 dubium
488 830 554 908 est)
589 848 694 909 quam
724 830 827 907 illud,
860 830 905 891 ad
937 835 1033 891 tuam
1063 847 1242 891 summam

178 917 452 997 amplitudinem,
476 916 694 996 dignitatem,
718 918 927 995 libertatem,
952 936 1021 996 qua
1041 922 1075 979 te
1099 917 1171 979 scio
1195 917 1241 978 li-

177 1005 378 1067 bentissime
406 1005 478 1066 frui
507 1005 632 1082 solere,
660 1005 838 1084 pertinere
862 1011 896 1067 te
925 1005 999 1067 sine
1032 1005 1104 1067 ulla
1134 1023 1240 1067 mora

176 1094 396 1173 provinciam
413 1092 605 1155 successori
623 1094 822 1169 concedere,
837 1093 1044 1172 praesertim
1064 1110 1142 1153 cum
1158 1092 1239 1155 sine

177 1181 374 1261 suspicione
397 1188 479 1244 tuae
509 1181 714 1260 cupiditatis
742 1200 811 1243 non
841 1180 953 1259 possis
981 1180 1077 1241 illius
1102 1180 1239 1259 cupidi-

177 1274 284 1330 tatem
308 1269 474 1331 refutare.
520 1269 597 1348 Ego
621 1274 810 1348 utrumque
834 1287 947 1331 meum
972 1273 1058 1347 puto
1082 1286 1165 1343 esse,
1191 1274 1239 1345 et,

178 1356 263 1436 quid
287 1357 448 1435 sentiam,
473 1357 657 1418 ostendere
681 1363 729 1434 et,
754 1357 849 1436 quod
872 1355 1011 1432 feeeriS,
1036 1355 1237 1418 defendere.

132 1456 167 1510 26
265 1443 403 1523 Scripta
416 1445 486 1506 iam
503 1443 652 1525 epistula
669 1445 851 1523 superiore
867 1444 984 1523 accepi
1001 1451 1080 1506 tuas
1097 1444 1238 1506 litteras

178 1533 220 1593 de
244 1532 450 1611 publicanis
474 1532 511 1592 in
535 1531 662 1610 quibus
688 1532 899 1611 aequitatem
922 1537 1019 1593 tuam
1041 1548 1112 1593 non
1135 1532 1237 1611 potui

176 1639 247 1681 non
270 1620 437 1699 probare;
475 1619 646 1681 facilitate
670 1619 811 1700 quidem
834 1620 961 1682 vellem
985 1620 1151 1699 consequi
1175 1637 1236 1699 po-

177 1708 316 1786 tuisseS,
345 1727 388 1770 ne
417 1707 490 1770 eius
519 1707 668 1786 ordiniS,
697 1725 799 1787 quem
824 1726 960 1787 semper
984 1708 1131 1785 ornasti,
1160 1726 1235 1769 rem

178 1801 238 1858 aut
267 1797 484 1859 voluntatem
513 1795 720 1858 offenderes.
774 1795 946 1875 Equidem
974 1814 1044 1857 non
1078 1796 1233 1857 desinam

177 1891 237 1946 tua
263 1886 402 1947 decreta
428 1884 628 1962 defendere,
657 1885 719 1947 sed
742 1884 833 1946 nosti
863 1883 1150 1945 consuetudinem
1175 1884 1233 1944 ho·

177 1973 325 2050 minum;
352 1974 428 2051 scis,
453 1991 557 2053 quam
581 1972 740 2052 graviter
764 1971 897 2033 inimici
920 1971 987 2052 ipsi
1012 1972 1064 2032 illi
1080 1971 1119 2044 Q.
1135 1971 1234 2033 Scae-

177 2060 278 2122 volae
301 2061 443 2123 fuerint.
481 2060 559 2122 Tibi
584 2066 701 2122 tamen
725 2078 800 2121 sum
826 2066 957 2137 auctor,
980 2066 1028 2136 ut,
1053 2060 1082 2120 si
1107 2060 1234 2138 quibus

177 2147 283 2208 rebus
311 2148 437 2227 possis,
467 2166 545 2209 eum
574 2147 638 2209 tibi
668 2147 826 2208 ordinem
858 2153 917 2209 aut
946 2148 1150 2210 reconcilies
1175 2152 1234 2209 aut

177 2234 324 2313 mitiges.
360 2235 400 2297 Id
425 2235 489 2297 etsi
515 2234 663 2296 difficile
679 2240 740 2311 θεῖ,
765 2240 882 2297 tamen
898 2235 984 2296 mihi
1002 2235 1143 2298 videtur
1161 2253 1234 2298 esse
1265 2240 1276 2262 ‘
1358 2252 1359 2275 l

177 2323 386 2402 prudentiae
410 2330 499 2384 tuae.

518 2499 565 2560 17.
596 2500 654 2578 (ad
678 2497 758 2560 fam.
783 2499 826 2576 Π,
851 2499 893 2577 5.)

444 2637 598 2694 CICERO
620 2638 649 2693 S.
670 2639 706 2692 D.
729 2637 761 2693 Ο.
784 2636 967 2693 CURIONI.

152 2775 164 2827 1
265 2764 361 2825 Haec
385 2763 526 2842 negotia
552 2782 621 2842 quo
644 2763 748 2825 modo
773 2781 808 2824 se
832 2763 994 2840 habeant,
1018 2781 1061 2824 ne
1085 2762 1233 2842 epistula

178 2852 318 2931 quidem
342 2869 489 2913 narrare
514 2852 633 2913 audeo.
680 2851 768 2928 Tibi,
793 2851 867 2927 etsi,
892 2850 1104 2930 ubicumque
1127 2868 1172 2927 es,
1195 2855 1233 2911 ut

177 2937 302 3016 scripsi
335 2938 378 3000 ad
408 2944 441 3000 te
467 2945 560 3017 ante,
589 2939 626 2999 in
650 2939 770 3000 eadem
795 2956 831 2999 es
856 2938 953 3014 navi,
982 2944 1112 3014 tamen,
1141 2938 1232 3017 quod

178 3026 274 3102 abes,
298 3026 472 3104 gratulor,
496 3027 553 3089 vel
577 3027 754 3105 quianon
777 3026 877 3087 vides
900 3044 940 3088 ea
965 3044 1054 3105 quae
1078 3044 1155 3102 nos,
1179 3025 1233 3088 vel

178 3114 271 3194 quod
296 3114 432 3175 excelso
454 3120 488 3176 θῖ
511 3114 642 3176 illustri
666 3115 743 3176 loeo
765 3114 832 3176 sita
857 3120 909 3176 est
925 3114 1001 3175 laus
1023 3118 1084 3175 tua
1107 3114 1144 3174 in
1161 3114 1232 3193 plu-

177 3203 347 3264 rimorum
372 3208 406 3263 θῖ
429 3202 604 3264 sociorum
627 3209 661 3264 et
686 3202 816 3264 civium
845 3205 1047 3281 conspeetu,
1077 3219 1166 3279 quae
1191 3202 1232 3263 ad

177 3309 240 3352 nos
263 3309 326 3352 nec
343 3290 493 3352 obscuro
516 3308 579 3352 nec
596 3290 697 3352 vario
721 3309 889 3365 sermone,
913 3290 973 3351 sed
990 3294 1024 3350 et
1041 3288 1231 3351 clarissima

150 3384 211 3441 2et
235 3397 304 3440 una
329 3378 482 3440 omnium
507 3396 592 3440 voce
616 3378 804 3457 perfertur.
852 3379 965 3441 Unum
993 3375 1081 3438 illud
1109 3376 1232 3453 nescio,

177 3467 382 3546 gratulerne
398 3466 463 3527 tibi
481 3485 525 3527 an
542 3466 692 3544 timeam,
717 3467 811 3545 quod
830 3465 1003 3527 mirabilis
1020 3470 1071 3527 est
1096 3482 1231 3544 exspec-

178 3554 265 3614 tatio
288 3554 423 3614 reditus
447 3554 508 3630 tui,
532 3572 601 3615 non
627 3573 695 3633 quo
720 3572 853 3630 verear,
878 3571 921 3614 ne
945 3558 1005 3613 tua
1024 3552 1139 3614 virtus
1163 3553 1231 3631 opi-

178 3640 274 3701 nioni
304 3641 483 3702 hominum
510 3659 580 3703 non
611 3641 836 3722 respondeat,
865 3639 924 3701 sed
949 3639 1155 3715 mehercule,
1183 3657 1231 3716 ne,
