2742 4075
167 144 208 205 26
652 159 676 227 Ι,
698 162 739 214 16.

166 314 326 397 possunt,
373 318 450 379 Tibi
480 322 596 380 autem
624 318 734 379 multo
762 318 878 380 notior
907 324 1012 397 atque
1039 318 1232 381 inlustrior

166 423 263 467 meus
286 405 323 466 in
347 411 381 468 te
406 406 541 467 animus
565 411 669 483 esset,
700 406 729 467 si
753 406 818 468 hoc
841 411 999 485 tempore
1022 407 1129 484 omni,
1155 426 1230 486 quo

138 493 315 555 2diiuncti
343 492 487 570 fuimus,
515 499 549 555 et
577 513 646 556 una
675 499 711 556 et
739 495 868 555 Romae
895 493 1090 556 fuissemus,
1136 495 1228 557 Nam

166 582 203 643 in
227 599 268 643 eo
291 581 382 661 ipso,
407 581 501 660 quod
524 587 558 643 te
582 582 737 643 ostendis
761 599 835 643 esse
858 581 1036 644 facturum
1060 583 1226 662 quodque

167 675 201 731 et
224 669 261 730 in
285 669 408 748 primis
431 674 531 748 potes
554 675 588 731 et
611 688 677 749 ego
702 688 720 731 a
745 675 779 731 te
802 670 1026 732 vehementer
1051 677 1225 749 exspectc,

166 757 203 818 in
227 757 409 818 sententiis
433 758 619 819 senatoriis
642 762 676 819 et
700 757 851 819 inomni
876 757 1012 819 actione
1036 763 1141 837 atque
1166 759 1224 821 ad-

166 844 424 906 ministratione
446 845 499 907 rei
515 845 677 924 publicae
693 844 936 907 floruissemus
954 846 1010 924 (de
1028 864 1096 924 qua
1112 852 1224 908 osten-

165 933 248 994 dam
275 932 437 1011 equidem
464 933 583 1012 paullo
616 938 696 1012 post
732 933 791 1012 qui
827 932 872 994 sit
907 951 1004 995 meus
1038 951 1159 996 sensus
1189 940 1224 997 et

164 1025 292 1097 statua,
320 1026 354 1082 et
382 1021 575 1082 rescribam
598 1021 663 1082 tibi
689 1022 733 1083 ad
757 1038 811 1098 ea,
826 1039 930 1099 -quae
955 1021 1126 1101 quaeris);
1163 1023 1224 1084 sed

164 1113 261 1171 certe
285 1114 318 1170 et
343 1127 408 1188 ego
432 1113 465 1170 te
490 1114 632 1171 auctore
659 1109 868 1170 amicissimo
900 1126 939 1170 ac
967 1109 1223 1188 sapientissimo

164 1202 200 1258 et
224 1201 262 1258 tu
284 1214 338 1257 me
359 1197 560 1259 consiliario
576 1195 727 1258 fortasse
743 1215 813 1258 non
829 1196 1101 1276 imperitissimo,
1124 1197 1222 1259 fideli

165 1283 308 1363 quidem
331 1289 365 1346 et
382 1285 553 1347 benevolo
576 1289 671 1346 certe
695 1303 779 1346 usus
795 1299 895 1346 esses.
927 1284 1147 1364 Quamquam
1162 1291 1222 1347 tua

164 1372 307 1451 quidem
339 1390 443 1434 causa
475 1377 509 1434 te
544 1390 618 1434 esse
649 1372 898 1452 imperatorem
934 1372 1222 1453 provinciamque

166 1461 254 1522 bene
277 1460 385 1539 gestis
408 1460 515 1521 rebus
538 1478 617 1522 cum
641 1461 799 1522 exercitu
822 1460 958 1522 victore
982 1461 1155 1538 obtinere,
1185 1466 1223 1522 ut

165 1548 285 1625 debeo,
308 1548 437 1623 laetor;
471 1548 533 1610 sed
556 1554 663 1626 certe,
689 1549 748 1628 qui
772 1548 837 1610 tibi
861 1566 904 1610 ex
928 1566 982 1609 me
1006 1548 1143 1610 fructus
1167 1550 1222 1610 de-

164 1636 303 1713 bentur,
320 1654 378 1697 eos
393 1636 574 1698 uberiores
592 1641 626 1697 et
642 1637 900 1715 praesentiores
917 1654 1081 1721 praesens
1097 1655 1222 1716 capere

165 1723 338 1803 potuisses
346 1744 354 1800 ;
388 1724 425 1785 in
449 1725 499 1786 eis
523 1742 608 1785 vero
632 1724 853 1801 ulciscendis,
883 1724 977 1803 quod
1004 1725 1070 1786 tibi
1094 1725 1224 1804 partim

165 1811 325 1873 inimicos
349 1830 423 1874 csse
439 1812 615 1892 intellegis
631 1819 777 1893 propter
794 1818 890 1874 tuam
906 1812 1222 1892 propugnationem

164 1900 289 1962 salutis
313 1919 424 1977 meae,
449 1901 580 1981 partim
603 1901 763 1963 invidere
786 1906 932 1980 propter
956 1900 1052 1962 illius
1077 1899 1224 1962 actionis

164 1988 431 2068 amplitudinem
455 1994 489 2052 et
513 1989 672 2069 gloriam,
697 1988 887 2051 mirificum
903 2006 957 2051 me
980 1988 1045 2051 tibi
1063 1989 1224 2051 comitem

165 2076 421 2155 praebuissem;
448 2095 660 2156 quamquam
684 2078 744 2139 ille
767 2078 932 2155 perennis
954 2077 1117 2139 inimicus
1142 2077 1224 2138 ami-

164 2181 287 2225 corum
311 2181 468 2240 suorum,
500 2164 559 2243 qui
589 2164 659 2224 tuis
683 2165 844 2226 maximis
872 2164 1054 2227 beneficiis
1078 2170 1225 2227 ornatus

165 2251 202 2311 in
229 2255 264 2311 te
291 2250 511 2329 potissimum
540 2250 692 2313 fractam
719 2252 817 2313 illam
845 2258 879 2314 et
909 2253 1128 2314 debilitatam
1153 2253 1225 2314 vim

165 2356 264 2399 suam
288 2339 446 2415 contulit,
471 2345 628 2401 nostram
644 2340 757 2401 vicem
773 2341 867 2402 ultus
891 2345 943 2402 est
966 2340 1041 2420 ipse
1058 2358 1140 2402 sese.
1172 2341 1224 2402 Ea

165 2431 217 2488 est
247 2426 339 2487 enim
368 2432 527 2503 conatus,
561 2426 689 2506 quibus
717 2428 903 2507 patefactis
931 2429 1063 2490 nullam
1092 2428 1159 2490 sibi
1188 2429 1224 2489 in

165 2518 345 2592 posterum
369 2533 439 2576 nou
462 2516 566 2578 modo
590 2515 783 2594 dignitatis,
807 2517 868 2578 sed
883 2534 927 2577 ne
950 2516 1126 2578 libertatis
1150 2516 1223 2595 qui-

136 2602 245 2665 3dem
268 2608 404 2681 partem
427 2603 581 2682 reliquit.
624 2604 671 2665 Te
696 2610 811 2665 autem
828 2604 892 2665 etsi
916 2603 1055 2665 mallem
1077 2604 1115 2665 in
1138 2604 1224 2665 meis

165 2691 271 2752 rebus
300 2697 484 2770 expertum
513 2709 618 2770 quam
647 2692 753 2753 ctiam
779 2692 816 2752 in
845 2692 924 2768 tuis,
955 2691 1131 2753 tamenin
1154 2710 1224 2753 mo-

166 2779 266 2840 lestia
291 2779 427 2857 gaudeo
452 2797 528 2840 eam
551 2778 660 2840 fidem
683 2798 850 2858 cognosse
879 2779 1058 2841 hominum
1080 2798 1150 2841 non
1174 2779 1224 2840 ita

167 2884 294 2944 magna
317 2866 485 2942 mercede,
510 2885 615 2945 quam
631 2886 697 2946 ego
716 2867 868 2933 maximo
885 2868 1005 2929 dolore
1025 2885 1224 2947 cognoram.

166 2953 216 3013 De
241 2971 309 3031 qua
330 2954 466 3016 ratione
484 2959 557 3016 tcta
582 2955 652 3016 iam
668 2956 809 3017 videtur
825 2955 910 3016 mihi
927 2956 1124 3034 exponendi
1142 2961 1224 3016 tem-

165 3058 231 3119 pus
256 3040 343 3117 dari,
367 3047 406 3102 ut
430 3042 495 3104 tibi
518 3043 712 3105 rescribam
737 3043 781 3104 ad
805 3060 854 3119 ea,
880 3061 969 3122 quae
993 3044 1142 3122 quaeris.

136 3139 155 3190 4
255 3127 448 3191 Certiorem
471 3135 506 3192 te
529 3149 592 3209 per
614 3131 751 3193 litteras
775 3130 901 3193 scribis
916 3149 990 3193 esse
1014 3131 1147 3192 factum
1171 3149 1225 3192 me

166 3234 244 3277 cum
268 3215 418 3279 Caesare
448 3223 482 3279 et
511 3236 589 3278 cum
613 3217 728 3297 Appio
757 3236 831 3280 esse
860 3219 1036 3298 ingratia
1060 3226 1164 3298 teque
1187 3218 1226 3279 id

165 3323 235 3366 non
258 3305 516 3384 reprehendere
533 3306 721 3381 adscribis3
749 3307 927 3369 Vatinium
945 3311 1060 3368 autem
1081 3307 1171 3368 scire
1191 3311 1225 3368 te

166 3394 255 3455 velle
284 3393 438 3455 ostendis
468 3394 595 3472 quibus
618 3395 724 3456 rebus
749 3395 921 3457 adductus
951 3394 1168 3456 defenderim
1191 3400 1226 3455 et

164 3480 349 3543 laudarim.
375 3481 476 3552 Quod
493 3481 557 3543 tibi
574 3487 613 3542 ut
629 3482 768 3560 planius
785 3500 966 3561 exponam,
984 3483 1088 3544 altius
1105 3482 1225 3561 paullo

163 3568 339 3629 rationem
363 3568 589 3631 consiliorum
612 3588 769 3631 meorum
792 3574 951 3649 repetam
973 3588 1113 3631 necesse
1137 3572 1197 3629 est.

254 3655 331 3734 Ego
354 3674 422 3727 me,
451 3657 610 3734 Lentule,
641 3657 743 3719 initio
771 3674 891 3718 rerum
920 3662 1024 3735 atque
1048 3657 1225 3718 actionum
