2742 4075
176 184 237 246 100
307 160 308 163 ‘
650 201 701 269 1v,
721 203 763 256 ca

173 360 357 437 exercitus,
381 360 441 439 qui
458 366 510 422 est
526 367 725 439 veteranus,
748 362 822 424 sive
839 360 1000 424 Caesaris
1020 361 1231 438 accessisset,

173 467 286 527 aequo
310 448 426 510 animo
455 467 626 510 summam
653 468 729 521 rem
756 469 788 529 p.
812 449 849 511 in
873 449 1061 511 discrimen
1085 450 1230 511 deduce·

172 555 305 611 remus;
333 536 514 615 aliquanto
540 542 656 598 autem
679 538 828 617 propius
852 556 935 615 esse,
960 538 1054 616 quod
1079 537 1123 599 ad
1148 536 1231 599 Cae-

173 643 288 687 sarem
312 625 445 699 attinet,
477 625 691 687 videbamus.
739 626 834 687 Nihil
858 626 976 688 destiti
1000 644 1080 687 eum
1102 625 1231 687 litteris

172 712 319 789 hortari,
342 731 455 791 neque
478 712 537 774 ille
558 713 748 775 intermisit
770 713 953 776 affirmare
977 732 1013 775 se
1036 713 1111 775 sine
1131 731 1230 775 mora

172 799 307 878 venire,
335 818 414 861 cum
441 794 584 862 interim
613 819 776 863 aversum
804 802 904 863 illum
933 802 976 863 ab
1005 802 1070 863 hac
1101 801 1231 880 cogita·

171 887 266 950 tione
291 889 335 950 ad
359 889 428 950 alia
453 889 598 951 consilia
616 890 719 952 video
735 909 771 952 se
787 890 983 952 contulisse.
1021 890 1098 969 Ego
1114 893 1232 951 tamen

173 977 216 1038 ad
241 995 319 1038 eum
343 977 514 1038 Furnium
538 982 696 1039 nostrum
721 997 800 1040 cum
830 978 1005 1040 mandatis
1033 977 1233 1057 litterisque

146 1064 259 1141 5misi,
284 1065 313 1126 si
337 1065 422 1143 quid
446 1064 538 1126 forte
562 1065 737 1144 proficere
761 1071 886 1146 posset.
932 1066 1007 1128 Scis
1030 1070 1078 1142 tu,
1105 1065 1153 1126 mi
1177 1064 1232 1127 Ci-

173 1171 266 1229 cero,
296 1153 390 1231 quod
419 1154 463 1214 ad
488 1152 649 1215 Caesaris
678 1173 833 1217 amorem
862 1155 1000 1231 attinet,
1029 1153 1233 1215 societatem

172 1241 256 1301 mihi
281 1247 507 1318 essetecum,
536 1242 592 1303 vel
622 1244 716 1321 quod
739 1243 775 1304 in
804 1242 1046 1309 familiaritate
1070 1240 1233 1303 Caesaris

172 1329 255 1390 vivo
278 1328 339 1389 illo
363 1330 433 1390 iam
449 1329 541 1390 tueri
566 1348 644 1390 eum
661 1337 695 1392 et
720 1330 867 1410 diligere
883 1330 952 1392 fuit
974 1330 1061 1391 mihi
1082 1346 1232 1405 necesse,

172 1416 228 1478 vel
253 1417 347 1496 quod
370 1417 454 1497 ipse,
479 1418 596 1495 quoad
620 1436 685 1497 ego
702 1437 803 1481 nosse
826 1419 935 1499 potui,
959 1416 1232 1480 moderatissimi

173 1511 277 1584 atque
302 1505 543 1567 humanissimi
567 1505 635 1567 fuit
659 1525 790 1584 sensus,
819 1506 876 1568 vel
900 1507 995 1585 quod
1018 1524 1061 1568 ex
1085 1511 1157 1567 tam
1180 1504 1232 1565 in·

172 1594 263 1672 signi
288 1593 442 1655 amicitia
465 1598 541 1655 mea
566 1599 671 1673 atque
696 1594 856 1656 Caesaris
884 1594 976 1656 hunc
1004 1593 1072 1654 filii
1096 1593 1173 1654 loco
1197 1598 1232 1654 et

171 1681 267 1742 illius
277 1687 311 1742 et
324 1686 443 1743 vestro
454 1682 586 1744 iudicio
603 1683 833 1744 substitutum
849 1701 919 1744 non
936 1682 1085 1762 proinde
1099 1681 1234 1742 habere

145 1774 275 1849 tturpe
304 1769 389 1830 mihi
418 1769 567 1832 videtur.
614 1770 682 1833 Sed
713 1770 895 1851 (quicquid
924 1771 989 1832 tibi
1018 1770 1143 1846 scribo,
1172 1768 1233 1830 do·

171 1857 283 1919 lenter
311 1858 527 1920 mehercules
555 1860 667 1938 magis
696 1877 801 1938 quam
828 1858 968 1921 inimice
994 1858 1101 1937 facio)
1136 1857 1234 1935 quod

171 1945 261 2007 vivit
290 1945 463 2007 Antonius
492 1946 608 2024 hodie,
638 1948 732 2027 quod
761 1947 914 2027 Lepidus
942 1965 1011 2007 una
1040 1951 1106 2023 est,
1137 1945 1234 2024 quod

172 2033 347 2097 exercitus
376 2034 506 2097 habent
535 2055 605 2097 non
636 2037 920 2113 contemnendos,
954 2034 1048 2115 quod
1079 2038 1234 2114 sperant,

173 2123 267 2201 quod
284 2123 423 2200 audent,
447 2142 548 2185 omne
565 2123 708 2186 Caesari
725 2129 906 2205 acceptum
922 2123 1057 2185 referre
1076 2126 1232 2202 possunt.

173 2210 292 2289 Neque
320 2229 386 2289 ego
414 2212 598 2290 superiora
629 2218 802 2292 repetam;
838 2214 899 2274 sed
929 2230 972 2274 ex
1000 2229 1041 2273 eo
1064 2217 1234 2290 tempore,

174 2316 242 2377 quo
266 2298 341 2378 ipse
364 2299 450 2359 mihi
474 2299 654 2379 professus
678 2306 730 2362 est
754 2319 790 2362 se
815 2301 945 2376 venire,
974 2299 1003 2361 si
1027 2298 1149 2361 venire
1172 2315 1233 2359 vo-

174 2385 304 2461 luisset,
329 2392 389 2447 aut
413 2405 619 2467 oppressum
640 2388 711 2449 iam
734 2388 865 2450 bellum
881 2394 971 2450 esset
996 2387 1109 2449 autin
1134 2402 1234 2447 aver·

173 2473 345 2536 sissimam
383 2474 454 2536 illis
492 2475 701 2556 Hispaniam
740 2494 819 2538 cum
862 2475 1072 2539 detrimento
1111 2491 1235 2536 eorum

173 2563 325 2623 maximo
349 2567 538 2625 extrusum.
572 2563 668 2635 Quae
683 2583 780 2627 mens
800 2583 878 2626 eum
903 2568 963 2625 aut
987 2581 1137 2642 quorum
1153 2580 1234 2623 con-

174 2650 252 2713 silia
282 2669 301 2712 a
332 2656 430 2713 tanta
461 2651 589 2731 gloria,
619 2653 686 2714 sibi
715 2671 800 2715 vero
831 2652 937 2714 etiam
965 2650 1162 2713 necessaria
1191 2668 1234 2711 ac

174 2739 322 2801 salutari
353 2741 518 2802 avocarit
540 2745 574 2802 et
604 2741 649 2802 ad
678 2740 928 2821 cogitationem
956 2739 1158 2801 consulatus
1181 2737 1234 2799 bi-

173 2828 313 2888 mestris
337 2846 471 2890 summo
495 2846 574 2889 cum
589 2825 727 2891 terrore
750 2828 930 2890 hominum
947 2833 981 2890 et
1004 2827 1137 2889 insulsa
1154 2843 1235 2887 cum

148 2914 433 2993 7efflagitatione
448 2916 679 2993 transtulerit,
696 2922 866 2997 exputare
882 2935 952 2978 non
968 2933 1118 2996 possum.
1147 2913 1236 2975 Mul-

175 3008 250 3064 tum
277 3003 314 3064 in
343 3003 408 3064 hac
436 3022 476 3065 re
504 3005 588 3065 mihi
618 3004 784 3067 videntur
808 3004 996 3066 necessarii
1025 3004 1099 3066 eius
1123 3008 1157 3064 et
1179 3002 1235 3063 rei

174 3110 206 3171 p.
231 3096 265 3152 et
281 3090 392 3170 ipsius
409 3109 514 3153 causa
531 3092 707 3171 proficere
725 3111 836 3172 posse,
859 3092 1060 3172 plurimum,
1084 3096 1235 3170 utputo,

174 3184 214 3240 tu
230 3197 378 3259 quoque,
403 3180 501 3242 cuius
516 3180 575 3243 ille
591 3185 690 3243 tanta
707 3181 833 3243 merita
849 3180 964 3257 habet,
984 3185 1115 3259 quanta
1131 3196 1235 3240 nemo

175 3273 316 3347 praeter
340 3286 402 3330 me.
449 3268 646 3348 Numquam
677 3269 770 3331 enim
798 3268 988 3331 obliviscar
1016 3269 1168 3330 maxima
1193 3283 1235 3328 ac

175 3356 327 3436 plurima
356 3374 411 3418 me
438 3356 504 3418 tibi
534 3357 669 3419 debere.
715 3358 765 3419 De
793 3358 847 3418 his
875 3356 981 3418 rebus
1009 3363 1048 3418 ut
1077 3356 1235 3435 exigeret

175 3462 253 3505 cum
278 3463 327 3521 eo,
351 3445 484 3506 Furnio
507 3445 682 3507 mandavi.
728 3444 829 3517 Quod
853 3445 892 3520 si,
923 3450 1091 3522 quantam
1116 3444 1235 3519 deboc,

175 3531 333 3592 habuero
365 3532 458 3611 apud
491 3551 570 3593 eum
604 3533 863 3609 auctoritatem,
898 3531 1089 3610 plurimum
1119 3533 1235 3612 ipsum

148 3618 308 3685 siuvero.
355 3619 425 3680 Nos
452 3619 587 3681 interea
618 3620 761 3683 duriore
790 3618 995 3682 condicione
1026 3621 1156 3683 bellum
1179 3637 1235 3682 su-

177 3703 358 3781 stinemus,
388 3706 483 3784 quod
511 3725 624 3785 neque
653 3708 951 3788 expeditissimam
975 3708 1236 3773 dimicationem
