2742 4075
173 161 214 220 72
604 174 664 243 111,
683 177 726 230 aa.
745 177 788 231 lo.

173 334 300 413 quibus
317 333 435 396 valere
456 339 665 412 poteramus,
690 334 844 411 consilio,
869 334 1087 410 auctoritate,
1112 352 1226 412 causa,

173 440 262 501 quae
286 427 387 483 erant
402 423 439 482 in
455 421 557 483 nobis
573 422 766 501 superiora,
791 422 851 484 sed
867 421 1009 484 lacertis
1030 427 1065 484 et
1081 421 1226 499 viribus,

173 509 300 590 quibus
328 527 432 588 pares
459 527 529 570 non
558 528 705 571 eramus.
752 509 844 571 Victi
872 527 991 571 sumus
1018 510 1128 589 igitur
1159 515 1226 587 aut,

172 599 202 659 si
226 597 319 659 vinci
344 596 498 676 dignitas
521 615 591 658 non
619 602 747 676 potest,
776 597 881 660 fracti
910 603 1005 660 certe
1028 603 1062 660 et
1091 597 1226 659 abiecti.

172 687 214 747 In
238 704 306 764 quo
330 689 428 746 tuum
452 685 636 746 consilium
654 703 756 746 nemo
772 690 887 763 potest
903 704 973 747 non
988 686 1139 747 maxime
1155 685 1227 746 lau-

173 775 266 850 dare,
291 773 384 851 quod
409 790 486 834 cum
511 790 571 851 spe
587 772 751 835 vincendi
768 773 870 834 simul
894 773 1052 835 abiecisti
1069 773 1227 834 certandi

173 861 278 923 etiam
302 860 530 939 cupiditatem
554 860 807 939 ostendistique
831 861 1024 939 sapientem
1040 865 1074 922 11
1098 861 1228 922 bonum

173 949 286 1011 civem
308 949 408 1010 initia
433 947 516 1010 belli
540 948 654 1009 civilis
677 949 828 1010 invitum
852 949 1042 1028 suscipere,
1070 953 1227 1010 extrema

147 1037 322 1098 tlibenter
346 1054 416 1097 non
439 1036 610 1114 persequi.
648 1035 716 1108 Qui
732 1054 802 1097 non
817 1037 910 1099 idern
927 1036 1118 1113 eonsilium,
1134 1036 1228 1114 quod

173 1131 220 1201 tu,
235 1124 345 1186 secuti
361 1128 451 1199 sunt,
464 1141 522 1185 eos
535 1124 637 1186 video
653 1124 691 1185 in
707 1125 777 1186 duo
789 1143 918 1203 genera
936 1143 1009 1186 esse
1023 1124 1225 1198 distractos,

174 1217 234 1273 aut
257 1211 349 1273 enim
372 1229 545 1273 renovare
568 1211 698 1272 bellum
722 1213 838 1273 conati
867 1218 960 1289 sunt,
988 1212 1013 1272 ii
1043 1212 1103 1291 qui
1132 1211 1228 1273 sein

173 1298 330 1361 Africam
353 1299 590 1375 contulerunt,
614 1304 674 1360 aut
699 1301 991 1378 quemadmodum
1013 1318 1076 1361 nos
1100 1299 1228 1361 victori

174 1405 248 1449 sese
270 1386 504 1448 erediderunt.
543 1387 696 1448 Medium
720 1388 897 1466 quoddam
921 1393 1020 1449 tuum
1044 1387 1228 1449 consilium

172 1474 255 1552 fuit,
286 1475 346 1553 qui
379 1475 445 1536 hoc
473 1475 623 1536 fortasse
651 1475 793 1536 humilis
822 1476 929 1537 animi
958 1476 1111 1552 duceres,
1139 1475 1227 1536 illud

172 1561 371 1641 pertinacis.
406 1563 570 1624 Fateora
594 1562 771 1641 plerisque
788 1564 844 1625 vel
861 1564 975 1624 dicam
999 1563 1042 1625 ab
1067 1562 1228 1623 omnibus

173 1650 312 1729 sapiens
341 1657 440 1711 tuum
470 1650 667 1727 eonsilium,
702 1668 720 1711 a
754 1651 872 1711 multis
902 1651 1008 1712 etiam
1038 1651 1155 1729 magni
1188 1666 1228 1710 ac

172 1738 276 1799 fortis
301 1738 406 1799 animi
430 1738 638 1812 iudicatum;
665 1739 726 1800 sed
750 1738 855 1800 habet
871 1739 938 1800 ista
961 1739 1063 1814 rati0,
1087 1742 1126 1799 ut
1142 1737 1226 1797 mihi

175 1825 315 1904 quidem
343 1827 497 1903 videtur,
527 1826 701 1904 quendam
728 1826 883 1902 modum,
913 1826 1122 1905 praesertim
1150 1843 1228 1886 cum

174 1913 262 1975 nihil
285 1914 350 1975 tibi
375 1915 493 1976 deesse
518 1913 671 1975 arbitrer
691 1914 735 1974 ad
759 1919 838 1975 tuas
854 1913 1015 1976 fortunas
1039 1913 1150 1974 omnis
1170 1912 1227 1972 ob-

174 2002 336 2064 tinendas
351 2007 493 2082 praeter
510 2001 735 2064 voluntatem.
771 2001 826 2063 Sic
843 2002 935 2064 enim
951 2001 1117 2078 intellexi,
1140 2000 1227 2062 nihil

175 2090 369 2167 aliudesse,
390 2091 484 2169 quod
501 2090 755 2152 dubitationem
772 2090 918 2152 afferret
939 2092 979 2167 ei,
1003 2108 1108 2169 penes
1125 2107 1228 2168 quem

175 2184 226 2239 est
250 2182 417 2256 potestas,
446 2177 513 2238 nisi
537 2180 631 2256 quod
655 2183 851 2254 vereretur,
881 2196 924 2240 ne
953 2184 992 2240 tu
1015 2177 1104 2239 illud
1128 2177 1227 2239 bene·

174 2264 295 2325 ficium
324 2265 463 2327 omnino
492 2284 561 2326 non
589 2271 742 2346 putares
787 2266 837 2328 De
865 2284 934 2345 quo
958 2266 1043 2345 quid
1072 2265 1227 2340 sentiain,

174 2351 262 2413 nihil
287 2352 411 2414 attinet
431 2354 556 2430 dicere,
580 2372 658 2415 cum
675 2360 853 2432 appareat,
877 2354 951 2432 ipse
968 2354 1053 2432 quid
1076 2352 1227 2415 fecerim.

147 2439 242 2502 tsed
265 2446 390 2518 tamen,
414 2441 442 2502 si
466 2441 536 2503 iam
559 2442 608 2502 ita
633 2441 880 2517 constituisses,
903 2446 942 2502 ut
964 2442 1084 2503 abesse
1107 2458 1227 2520 perpe-

174 2534 235 2589 tuo
258 2528 379 2589 malles
403 2547 507 2607 quam
531 2548 585 2606 ea,
614 2547 704 2608 quae
733 2529 856 2605 nolles,
885 2529 1019 2606 videre,
1048 2534 1165 2589 tamen
1192 2528 1227 2589 id

175 2615 331 2694 cogitare
360 2617 517 2692 debereS,
550 2617 761 2695 ubicumque
789 2634 894 2693 91111,
923 2622 956 2677 11
984 2616 1061 2678 iore
1090 2616 1126 2677 in
1155 2616 1228 2677 eius

174 2704 293 2783 ipsius,
310 2722 413 2782 quem
429 2704 579 2783 fugeres,
596 2709 778 2784 potestate.
809 2702 876 2774 Qui
893 2705 921 2765 si
939 2704 1042 2765 facile
1059 2720 1227 2782 passurus

174 2797 264 2853 esset
292 2796 327 2852 te
354 2787 531 2854 carentem
559 2792 674 2871 patria
705 2799 739 2853 11
771 2791 924 2853 fortunis
951 2792 1021 2853 tuis
1050 2791 1167 2870 quiete
1185 2796 1228 2851 et

174 2879 284 2940 libere
308 2879 438 2956 vivere,
462 2880 686 2958 cogitandum
703 2879 768 2940 tibi
792 2884 908 2940 tamen
932 2885 1030 2956 esset,
1055 2880 1229 2940 Romaene

174 2972 209 3028 et
233 2967 326 3028 domi
349 2972 439 3042 tuae,
464 2968 672 3029 cuicuimodi
696 2986 753 3028 111
777 2972 875 3044 11111,
900 2986 944 3029 an
968 2966 1145 3046 Mitylenis
1170 2971 1228 3028 aut

174 3054 288 3116 Rhodi
312 3055 434 3115 malles
457 3055 586 3117 vivere.
632 3055 714 3132 Sed,
743 3073 821 3116 eum
844 3055 894 3117 ita
918 3056 988 3118 late
1012 3059 1131 3134 pateat
1154 3053 1229 3116 eius
1260 3115 1265 3124 Χ

174 3147 337 3221 potestas,
362 3161 464 3221 quem
480 3161 652 3220 veremur,
676 3148 715 3204 ut
731 3148 907 3204 terrarum
924 3144 1044 3205 orbern
1059 3142 1228 3221 conplexa

174 3230 228 3306 sit,
251 3248 366 3291 nonne
389 3230 502 3292 mavis
526 3230 599 3292 sine
623 3231 780 3310 periculo
804 3237 885 3293 tuae
909 3232 1001 3292 domi
1026 3249 1100 3292 esse
1125 3247 1228 3308 quam

174 3336 252 3378 cum
276 3317 433 3396 periculo
459 3317 615 3379 alienae?
661 3319 847 3397 Equidem,
872 3318 1007 3380 etiamsi
1033 3317 1228 3397 oppetenda

174 3423 269 3465 mors
296 3411 399 3482 esset,
429 3406 522 3467 domi
552 3412 655 3484 atque
682 3406 720 3467 in
748 3408 864 3485 patria
893 3407 1032 3468 mallem
1060 3424 1165 3485 quarn
1193 3404 1228 3465 in

175 3492 329 3552 externis
358 3497 463 3570 atque
492 3493 615 3554 alienis
642 3494 736 3555 locis.
784 3495 859 3556 Hoc
887 3495 980 3556 idem
1009 3511 1140 3570 omnes,
1169 3492 1228 3571 qui

175 3583 209 3636 te
239 3577 406 3655 diligunt,
437 3580 591 3640 sentiunt
599 3601 606 3654 ;
644 3599 794 3659 quorum
825 3586 877 3642 est
907 3599 1035 3661 magna
1066 3599 1131 3660 pro
1159 3580 1229 3642 tuis

147 3663 336 3731 5maximis
346 3664 618 3743 clarissimisque
630 3667 823 3728 virtutibus
833 3668 1030 3730 multitude.
1051 3669 1229 3730 Habemus
