2742 4075
502 158 822 245 ‘mmmm
1177 163 1218 224 m

151 335 225 396 sibi
257 335 390 414 legavit
419 354 446 397 a.
477 337 507 398 d.
536 354 584 399 1111
613 338 739 399 Nonas.
789 338 830 399 Id
858 337 944 398 mihi
972 337 1048 399 heri
1078 339 1216 416 vesperi

153 423 358 484 nuntiatum
382 428 441 485 est.
489 424 615 486 Votiva
639 444 682 486 ne
706 425 771 487 tibi
796 424 937 503 quidem
961 424 1138 504 placebat;
1169 432 1217 487 et-

152 511 250 572 enim
279 518 356 572 erat
385 512 592 590 absurdum,
624 531 727 592 quae,
757 512 786 574 si
811 513 963 574 stetisset
986 531 1043 574 res
1066 513 1217 591 publica,

153 599 342 676 vovissem,
366 618 406 661 ea
430 618 483 662 me
508 619 630 662 eversa
654 600 716 662 illa
740 607 822 663 vota
848 601 1047 663 dissolvere.
1089 601 1135 662 Et
1158 601 1217 662 ha-

154 687 250 763 bent,
274 687 409 766 opinor,
426 687 558 750 liberae
573 689 767 768 legationes
787 688 971 751 delinitum
987 693 1124 767 tempus
1140 688 1217 767 lege

156 775 259 851 Iulia,
282 793 345 837 nec
369 775 472 838 facile
498 776 578 838 addi
603 782 727 856 potest.
767 778 864 839 Aveo
887 795 997 856 genus
1022 777 1216 855 legationis,

157 867 207 938 ut,
231 880 307 924 cum
331 863 428 940 velis,
452 864 610 942 introire,
634 865 731 926 exire
754 865 873 940 liceat;
901 866 994 944 quod
1015 883 1107 929 nunc
1131 864 1216 925 mihi

156 950 316 1011 additum
333 957 394 1013 est.
429 952 525 1013 Bella
543 959 595 1013 est
612 958 728 1014 autem
745 953 849 1014 huius
873 953 961 1013 iuris
985 953 1215 1031 quinquennii

154 1037 307 1100 licentia.
354 1038 573 1118 Quamquam
597 1040 682 1118 quid
707 1041 749 1102 de
778 1040 1017 1119 quinquennio
1042 1041 1214 1119 cogitem?

156 1125 326 1188 Contrahi
352 1127 436 1188 mihi
461 1129 640 1206 negotium
663 1128 812 1190 videtur.
849 1128 916 1189 Sed
939 1123 1115 1211 βλάσφημα
1139 1128 1216 1189 mit-

154 1218 280 1276 tamus.

483 1391 532 1452 51.
559 1391 618 1469 (aa
643 1392 710 1452 aa.
736 1392 824 1467 xvi,
849 1391 890 1469 r.)

473 1530 627 1586 CICERO
646 1529 799 1586 ATTICO
820 1529 903 1585 SAL.

246 1671 300 1716 nn
317 1655 401 1717 Idus
418 1654 535 1717 Sextil.
553 1674 631 1717 eum
652 1674 671 1717 a
689 1657 906 1734 Leucopetra
923 1654 1102 1734 profectus
1120 1656 1241 1735 (iudet

151 1742 249 1803 enim
274 1743 569 1823 transmittebam)
595 1744 708 1805 stadia
727 1743 867 1804 circiter
884 1759 937 1806 occ
960 1744 1215 1822 processissem,
1319 1766 1322 1770 ·

152 1830 308 1891 reiectus
331 1849 408 1892 sum
432 1836 553 1893 austro
577 1831 774 1893 vehementi
804 1830 848 1891 ad
873 1830 1018 1891 eandem
1042 1830 1214 1909 Leucope-

152 1922 257 1978 tram.
296 1918 350 1980 Ibi
375 1937 453 1980 cum
470 1925 614 1981 ventum
633 1923 872 1998 exspectarem
899 1919 989 1996 (erat
1013 1917 1105 1978 enim
1129 1917 1213 1978 villa

156 2004 289 2067 Valerii
313 2007 434 2084 nostri,
457 2012 496 2069 ut
520 2006 744 2069 familiariter
761 2023 871 2068 essem
895 2013 929 2067 et
953 2005 1128 2084 libenter),
1152 2005 1214 2067 Re-

154 2094 231 2172 gini
256 2095 398 2172 quidam
414 2095 570 2157 illustres
586 2094 743 2156 homines
760 2112 800 2156 oo
817 2099 990 2155 venerunt
1007 2094 1114 2155 Roma
1132 2111 1215 2155 sane

152 2186 323 2259 recentes,
346 2183 384 2243 in
407 2183 451 2244 iis
467 2184 567 2244 Bruti
592 2182 704 2244 nostri
728 2182 863 2261 hospes,
888 2182 947 2261 qui
965 2182 1113 2243 Brutum
1129 2181 1214 2243 Noa·

154 2268 229 2347 poli
252 2269 461 2348 reliquisset.
513 2272 608 2332 Haec
638 2269 850 2346 afferebant,
879 2270 1032 2331 edictum
1056 2269 1156 2330 Bruti
1181 2274 1215 2330 et

152 2356 278 2434 Cassii,
302 2364 336 2419 et
360 2357 436 2420 fore
453 2358 672 2437 frequentem
690 2364 849 2420 senatum
868 2357 1043 2433 Kalendis,
1068 2376 1087 2418 a
1104 2357 1214 2418 Bruto

154 2449 191 2505 et
205 2443 328 2507 Cassio
352 2446 489 2508 litteras
513 2446 635 2508 missas
657 2446 702 2508 ad
727 2446 928 2507 consulares
952 2451 986 2506 et
1008 2445 1214 2524 praetorios,

152 2538 195 2593 nt
219 2533 389 2611 adessent,
412 2552 549 2612 rogare.
589 2533 764 2595 Summam
789 2551 885 2613 spem
905 2532 1115 2593 nuntiabant
1138 2531 1215 2593 fore

153 2626 194 2681 ut
219 2620 392 2683 Antonius
422 2622 574 2695 cederet,
602 2640 659 2683 res
688 2621 905 2697 conveniret,
934 2620 1045 2681 nostri
1071 2620 1215 2681 Romam

152 2708 321 2770 redirent.
356 2710 542 2772 Addebant
558 2709 664 2771 etiam
679 2727 734 2770 me
752 2708 955 2783 desiderari,
979 2706 1213 2768 subaccusari.

246 2795 342 2868 Quae
366 2815 444 2858 cum
469 2797 652 2873 audissem,
675 2797 750 2858 sine
769 2796 840 2857 ulla
861 2794 1079 2857 dubitatione
1103 2793 1214 2855 abieci

41 2943 47 2954 ,
152 2884 339 2946 consilium
364 2884 701 2965 promotionisque
725 2883 921 2946 mehercule
945 2902 988 2943 ne
1013 2888 1114 2943 antea
1140 2880 1213 2959 qui-

153 2974 234 3035 dem
260 2972 468 3034 delectabar.
516 2972 630 3034 Lectis
654 2990 740 3033 vero
768 2971 838 3033 tuis
868 2970 996 3032 litteris
1020 2969 1241 3031 admiratus2

151 3060 317 3139 equidem
342 3078 418 3121 sum
442 3067 476 3122 te
500 3066 572 3122 tam
588 3060 812 3121 vehementer
834 3058 1041 3119 sententiam
1065 3074 1213 3118 commu·

151 3154 257 3225 tasse,
281 3149 341 3211 sed
365 3166 436 3209 non
460 3149 533 3210 sine
557 3166 662 3209 causa
688 3147 898 3208 arbitrabar.
944 3145 1030 3222 Etsi,
1054 3144 1214 3223 quamvis

152 3254 226 3298 non
261 3235 372 3298 fueris
407 3254 530 3297 suasor
565 3240 599 3296 et
637 3235 808 3313 impulsor
845 3232 1074 3313 profectionis
1108 3248 1214 3307 meae,

153 3324 374 3402 adprobator
398 3328 493 3386 certe
516 3322 629 3399 fuisti,
658 3323 740 3383 dum
765 3323 867 3384 modo
892 3321 964 3382 Kal.
989 3321 1060 3381 Ian.
1085 3319 1213 3380 Romae

152 3429 274 3473 essem.
313 3412 367 3472 Ita
392 3410 511 3486 fiebat,
534 3417 582 3487 ut,
607 3410 690 3471 dum
714 3409 828 3470 minus
851 3408 999 3488 periculi
1023 3406 1214 3481 videretur,

153 3497 372 3576 abessem,'in
382 3498 561 3559 flammam
574 3498 686 3576 ipsam
700 3497 864 3558 venirem.
889 3495 956 3557 Sed
968 3495 1062 3569 haec,
1078 3492 1213 3554 etiamsi

152 3605 225 3648 nou
249 3587 451 3666 prudenter,
475 3592 592 3647 tamen
616 3576 797 3667 ἀνεμέσητα
820 3589 915 3659 sunt,
944 3582 1094 3661 primum
1120 3579 1214 3658 quod

153 3675 198 3736 de
215 3693 291 3736 mea
309 3674 481 3736 sententia
499 3680 576 3735 acta
593 3678 684 3749 sunt,
701 3672 836 3747 deinde,
860 3670 995 3732 etiamsi
1012 3673 1047 3730 tc
1063 3674 1216 3743 auctore,
