2742 4075
183 171 226 233 32
672 186 697 254 I,
718 187 759 240 16.

184 346 362 426 quondam
386 345 511 406 falsam
540 344 740 423 opinionem
776 350 1001 424 acceperunt,
1031 364 1134 424 quem
1162 354 1242 425 post

185 434 338 497 reditum
363 433 525 495 dictitant
544 432 659 494 fracto
684 433 800 494 animo
817 439 850 494 et
875 434 1025 495 demisso
1048 433 1156 495 fuisse
1175 435 1242 513 (est

185 541 271 584 vero
294 522 525 601 probandum,
549 521 610 599 qui
633 526 667 582 et
691 539 825 582 summa
841 521 1023 583 voluntate
1046 522 1191 584 cesserit
1207 528 1242 584 et

186 610 328 689 egregia
358 609 465 670 animi
495 609 677 671 alacritate
708 608 836 670 afuerit
869 626 981 688 neque
1012 627 1095 671 sane
1122 610 1242 672 redire

184 698 329 774 curarit,
353 716 431 758 eum
454 698 498 759 ob
516 698 552 758 id
576 696 691 776 ipsum
707 696 859 758 fractum
882 696 999 773 fuisse,
1023 697 1059 758 in
1077 716 1241 776 quocum

185 803 304 846 omnes
332 785 489 847 homines
517 791 591 846 tum
620 786 661 846 M.
690 785 789 845 illum
813 785 996 862 Scaurum,
1026 785 1240 864 singularem

185 872 315 949 virum,
340 874 537 935 constantia
561 878 595 934 et
618 872 797 952 gravitate
821 873 1051 951 superasset!)
1077 894 1136 948 —-;
1171 874 1240 951 sed,

185 962 280 1039 quod
304 961 347 1023 de
369 960 431 1022 illo
455 965 662 1039 acceperant
687 967 747 1022 aut
763 961 868 1022 etiam
893 960 1173 1039 suspicabantur,
1198 962 1239 1023 de

185 1067 240 1110 me
268 1049 360 1110 idem
390 1049 606 1128 cogitabant,
637 1047 827 1110 abiectiore
856 1048 972 1109 animo
995 1067 1049 1110 me
1073 1048 1239 1126 futurum,

185 1155 264 1198 oum
287 1155 344 1198 res
368 1136 508 1216 publica
532 1136 700 1198 maiorem
717 1136 822 1198 etiam
838 1136 922 1196 mihi
948 1136 1110 1214 animum,
1137 1155 1239 1216 quarn

186 1242 351 1303 umquam
381 1225 593 1300 habuissem,
622 1225 737 1301 daret,
766 1242 844 1285 cum
865 1224 1088 1286 declarasset
1111 1243 1148 1286 se
1171 1244 1240 1287 nou

186 1312 341 1391 potuisse
366 1330 419 1373 me
444 1331 514 1373 uno
539 1312 608 1373 civi
625 1330 747 1373 carere
771 1330 919 1390 eumque
935 1311 1112 1373 Metellum
1137 1313 1239 1374 unius

186 1405 228 1461 tr.
253 1400 298 1479 pl.
321 1400 469 1479 rogatio,
493 1418 547 1461 me
571 1400 738 1461 universa
758 1418 815 1462 res
839 1399 980 1479 publica
1007 1400 1094 1462 duce
1118 1407 1240 1463 senatu

186 1488 374 1549 comitante
397 1488 510 1564 Italia,
539 1488 848 1567 promulgantibus
872 1487 1033 1549 omnibus
1057 1488 1241 1567 magistra·

186 1576 289 1651 tibus
313 1575 488 1637 referente
515 1575 665 1652 consule,
690 1576 840 1638 comitiis
863 1575 1078 1652 centuriatis,
1107 1577 1242 1638 cunctis

186 1663 378 1741 ordinibus
395 1664 594 1725 bominibus
610 1663 903 1741 incumbentibus
917 1663 1078 1725 omnibus
1091 1664 1242 1742 denique

142 1760 174 1812 17
186 1752 258 1812 suis
290 1751 427 1814 viribus
458 1752 737 1831 reciperavisset.
795 1752 913 1830 Neque
942 1769 1027 1812 vero
1059 1771 1123 1831 ego
1152 1751 1241 1812 mihi

186 1845 306 1918 postea
324 1840 511 1919 quicquam
529 1840 700 1919 assumpsi
717 1857 829 1919 neque
853 1840 956 1901 hodie
981 1857 1126 1915 assumo,
1145 1840 1242 1917 quod

186 1946 396 2008 quemquam
419 1928 789 1991 malevolentissimum
812 1927 888 1989 iure
912 1926 1022 2006 possit
1039 1926 1240 2002 offendere;

186 2021 323 2078 tantum
347 2017 470 2094 enitor,
494 2022 532 2078 ut
556 2034 668 2096 neque
694 2015 815 2079 amicis
838 2032 950 2095 neque
970 2014 1076 2077 etiam
1100 2015 1242 2079 alienio-

185 2104 285 2165 ribus
309 2122 426 2183 0pera,
450 2104 604 2181 oonsilio,
627 2105 750 2165 labore
774 2104 892 2165 desim.
935 2103 1002 2164 Hic
1026 2122 1123 2166 meae
1147 2105 1243 2167 vitae

186 2208 309 2252 cursus
333 2190 483 2253 offendit
507 2210 566 2253 eos
589 2191 754 2268 fortasse,
779 2192 839 2270 qui
864 2192 1085 2271 splendorem
1109 2198 1144 2254 et
1167 2211 1243 2272 spe·

186 2278 273 2340 ciem
297 2278 401 2340 huius
424 2279 518 2341 vitae
541 2279 737 2354 intuentur,
767 2279 1038 2342 sollicitudinem
1068 2285 1182 2342 autem
1208 2286 1243 2342 et

186 2366 342 2428 laborem
365 2367 565 2445 perspicere
588 2386 658 2429 non
681 2372 843 2446 possunt;
868 2368 957 2429 illud
981 2386 1065 2430 vero
1089 2384 1159 2430 non
1183 2369 1243 2431 ob·

185 2472 287 2516 scure
317 2461 522 2534 queruntur,
552 2456 589 2517 in
620 2456 707 2517 meis
737 2456 932 2532 sententiis,
966 2456 1094 2534 quibus
1120 2475 1242 2518 ornem

187 2542 381 2620 Caesarem,
406 2544 506 2622 quasi
523 2543 716 2606 desciscere
732 2562 786 2605 me
804 2563 823 2605 a
840 2544 990 2622 pristina
1016 2562 1129 2606 eausa.
1164 2545 1241 2622 Ego

187 2636 303 2692 autem
334 2649 413 2692 eum
440 2630 501 2692 illa
530 2649 673 2710 sequor,
704 2650 793 2711 quae
817 2632 937 2711 paullo
961 2637 1041 2693 ante
1064 2631 1241 2711 proposui,

186 2726 260 2780 tum
289 2719 354 2781 hoe
382 2738 452 2781 non
480 2719 517 2780 in
541 2720 742 2799 postremis,
772 2720 814 2782 de
838 2738 907 2798 quo
931 2737 1115 2798 coeperam
1138 2738 1241 2799 expo-

186 2825 277 2868 nere.
302 2807 379 2868 Non
396 2806 554 2870 offendes
571 2809 719 2871 eundem
735 2808 908 2870 bonorum
921 2824 1069 2885 sensum,
1085 2806 1241 2883 Lentule,

186 2912 290 2972 quem
317 2894 506 2974 reliquisti,
542 2897 601 2976 qui
635 2896 865 2959 confirmatus
898 2896 1083 2958 consulatu
1111 2901 1242 2970 nostro,

186 2999 447 3061 nonnumquam
480 2990 601 3063 postea
634 2985 872 3062 interruptus,
906 2982 1062 3046 afflictus
1097 2988 1177 3046 ante
1208 2988 1242 3045 te

186 3069 377 3148 consulem,
404 3079 584 3135 recreatus
614 3074 676 3134 abs
700 3077 734 3133 te
758 3076 852 3133 totus
875 3076 928 3133 est
951 3090 1043 3134 nune
1068 3071 1193 3148 abiis,
1223 3090 1242 3133 a

187 3157 314 3236 quibus
337 3160 487 3221 tuendus
511 3160 637 3236 fuerat,
668 3158 871 3235 derelictus;
906 3158 1013 3238 idque
1036 3179 1106 3222 non
1129 3159 1243 3221 solum

185 3245 302 3309 fronte
327 3252 432 3327 atque
455 3248 565 3324 vultu,
593 3247 721 3326 quibus
745 3246 922 3309 simulatio
950 3247 1117 3310 facillime
1141 3247 1242 3309 susti·

186 3341 298 3411 netur,
315 3336 495 3398 declarant
511 3335 545 3411 ii,
563 3335 622 3414 qui
640 3339 714 3396 tum
730 3340 851 3397 nostro
867 3334 928 3397 illo
945 3341 1039 3398 statu
1056 3335 1243 3415 optimates
1265 3343 1268 3348 '

186 3423 468 3499 nominabantur,
492 3423 553 3484 sed
576 3422 682 3484 etiam
699 3440 802 3484 sensu
826 3441 929 3502 saepe
948 3423 1019 3486 iam
1042 3424 1243 3503 tabellaque

142 3516 175 3570 18
186 3510 388 3572 docuerunt.
427 3511 551 3589 Itaque
575 3514 649 3571 tota
673 3510 744 3571 iam
760 3510 971 3590 sapientium
995 3512 1134 3589 civium,
1159 3529 1242 3590 qua-

186 3596 254 3657 lem
286 3615 340 3658 me
371 3604 405 3659 et
438 3616 512 3659 esse
545 3603 579 3660 et
609 3599 788 3661 numerari
817 3598 911 3675 volo,
945 3603 979 3661 et
1007 3599 1179 3661 sententia
1208 3604 1243 3661 et

186 3684 351 3746 voluntas
375 3689 508 3746 mutata
532 3703 607 3748 esse
626 3687 738 3749 debet.
773 3686 815 3747 ld
831 3686 923 3747 enim
946 3686 1043 3748 iubet
1066 3686 1158 3748 idem
1182 3686 1243 3749 ille
