2742 4075
566 158 606 213 ad
624 158 698 213 fam.
718 159 786 227 1,·a.
1162 145 1203 204 27

145 325 289 381 tuarum
312 338 381 381 non
398 318 510 380 solum
533 318 627 395 meis,
651 318 712 380 sed
729 318 833 379 etiam
856 317 909 380 rei
926 318 1087 397 publicae
1103 318 1202 379 resti-

144 412 262 469 tutum
276 407 444 485 putabam
456 412 499 483 et,
513 406 677 485 quoniam
690 406 755 468 tibi
771 406 1013 468 incredibilem
1029 406 1203 485 quendam

146 512 301 557 amorem
324 500 358 556 et
382 494 497 556 omnia
520 494 558 554 in
586 498 619 555 te
647 494 763 573 ipsum
786 512 920 555 summa
945 511 984 555 ao
1008 494 1202 573 singularia

101 632 102 635 η
144 582 263 645 studia
288 583 461 659 deberem,
483 581 535 643 rei
559 581 730 661 publicae,
755 600 844 661 quae
868 586 902 643 te
925 582 962 642 in
985 600 1039 643 me
1063 582 1203 644 restitu-

145 671 237 733 endo
260 671 408 732 multum
432 669 636 747 adiuvisset,
660 688 739 731 eum
763 675 857 732 certe
881 688 935 731 me
959 669 1113 730 animum
1135 687 1203 730 me-

145 759 217 820 rito
244 758 354 837 ipsius
383 758 510 820 debere
539 757 755 835 arbitrabar,
784 776 887 837 quem
921 764 1022 818 antea
1053 762 1203 818 tantum-

145 846 251 908 modo
279 846 452 908 communi
480 845 601 908 officio
630 845 775 923 civium,
803 864 874 907 non
898 845 1016 924 aliquo
1040 863 1125 923 erga
1149 863 1203 906 me

145 934 319 1013 singulari
348 933 520 996 beneficio
550 933 706 995 debitum
735 934 997 1013 praestitissem.
1042 933 1118 993 Hac
1149 951 1203 994 me

145 1027 261 1084 mente
285 1021 393 1084 fuisse
417 1027 451 1083 et
475 1026 616 1083 senatus
640 1040 683 1083 ex
707 1040 761 1084 me
785 1026 819 1083 te
843 1021 984 1083 consule
1009 1020 1145 1082 audivit
1169 1025 1203 1082 et

146 1115 186 1171 tu
209 1110 246 1171 in
269 1109 399 1172 nostris
423 1110 643 1171 sermonibus
672 1109 1033 1187 collocutionibusquc
1055 1108 1130 1187 ipse
1153 1108 1203 1170 vi·

146 1197 237 1260 disti.
279 1198 356 1259 Etsi
378 1197 448 1260 iam
472 1197 595 1276 primis
621 1197 839 1276 temporibus
863 1197 933 1258 illis
957 1196 1076 1257 multis
1097 1196 1230 1259 rebus5

145 1304 242 1347 meus
268 1285 515 1347 offendebatur
537 1285 680 1362 animus,
705 1304 783 1347 cum
807 1291 841 1347 te
859 1291 983 1364 agente
1008 1285 1050 1346 de
1066 1284 1203 1363 reliqua

145 1381 267 1435 nostra
300 1373 471 1453 dignitate
495 1378 555 1435 aut
586 1373 723 1435 occulta
752 1373 1000 1435 nonnullorum
1031 1372 1112 1434 odia
1144 1377 1204 1434 aut

145 1462 298 1523 obscura
320 1461 356 1522 in
380 1480 434 1523 me
458 1461 573 1523 studia
598 1462 784 1523 cernebam
792 1482 800 1537 ;
826 1480 906 1523 nam
930 1478 1043 1539 neque
1067 1460 1109 1521 de
1134 1478 1203 1521 mo-

145 1548 310 1611 nimentis
337 1549 423 1611 meis
448 1549 491 1610 ab
515 1549 558 1611 iis
590 1549 731 1611 adiutus
761 1568 810 1626 es,
842 1568 861 1611 a
891 1549 1018 1627 quibus
1043 1547 1204 1624 debuisti,

145 1655 259 1716 neque
283 1638 326 1699 de
349 1637 385 1699 vi
410 1636 554 1712 nefaria,
579 1655 647 1716 qua
672 1655 750 1699 cum
774 1637 887 1698 fratre
908 1655 1005 1698 eram
1022 1637 1124 1698 domo
1148 1654 1203 1697 ex-

146 1725 277 1804 pulsus,
300 1744 413 1804 neque
436 1725 578 1786 hercule
600 1724 638 1786 in
661 1725 705 1786 iis
729 1725 815 1803 ipsis
830 1724 946 1801 rebuS,
970 1742 1060 1803 quae
1086 1741 1204 1803 quam·

147 1830 252 1890 quam
287 1818 388 1874 erant
422 1812 507 1872 mihi
540 1817 685 1891 propter
715 1811 767 1873 rei
801 1811 986 1872 familiaris
1016 1810 1204 1889 naufragia

147 1899 374 1975 necessariae,
398 1905 514 1960 tamen
538 1917 557 1959 a
581 1917 635 1959 me
659 1898 793 1958 minimi
810 1898 1036 1977 putabantur,
1060 1898 1097 1958 in
1119 1899 1205 1959 meis

146 1986 284 2048 damnis
308 2003 350 2049 ex
375 1985 585 2048 auctoritate
609 1990 751 2048 senatus
774 1986 967 2048 sarciendis
991 2004 1067 2048 earn
1084 1986 1204 2048 volun-

146 2079 269 2152 tatem,
294 2093 399 2153 quam
423 2080 672 2153 exspectaram,
697 2075 959 2153 praestiterunt.
1006 2074 1102 2146 Quae
1126 2093 1205 2136 cum

146 2162 304 2224 viderem
322 2164 449 2242 (neque
461 2168 561 2223 erant
578 2162 753 2241 obscura),
769 2181 839 2224 non
856 2168 972 2225 tamen
988 2168 1061 2224 tam
1078 2163 1204 2225 acerba

146 2250 231 2311 mihi
259 2250 344 2312 haec
376 2250 593 2327 accidebant,
623 2269 729 2329 quam
752 2255 853 2312 erant
881 2250 943 2311 illa
967 2255 1084 2330 grata,
1116 2269 1204 2330 quae

98 2408 101 2411 Α
146 2337 311 2400 fecerant.
358 2339 497 2416 Itaque,
526 2356 739 2417 quamquam
767 2344 801 2400 et
826 2338 990 2417 Pompeio
1014 2339 1231 2418 plurimumss

146 2430 181 2486 te
206 2424 346 2504 quidem
362 2425 439 2504 ipso
455 2426 699 2504 praedicatore
724 2444 764 2488 ac
780 2431 868 2488 teste
883 2427 1052 2489 debebam
1076 2432 1110 2488 et
1127 2444 1205 2487 eum

145 2531 216 2575 non
247 2513 359 2575 solum
388 2513 573 2590 beneficio,
602 2514 663 2576 sed
692 2532 809 2575 amore
840 2514 945 2575 etiam
976 2520 1009 2575 et
1033 2518 1204 2593 perpetuo

146 2602 300 2681 quodam
322 2600 453 2663 iudicio
477 2620 553 2663 meo
577 2601 776 2680 diligebam,
800 2607 917 2663 tamen
933 2620 1003 2663 non
1026 2607 1204 2680 reputans,

145 2689 232 2768 quid
255 2689 316 2750 ille
340 2689 454 2766 vellet,
478 2689 515 2751 in
532 2689 693 2751 omnibus
716 2689 801 2751 meis
817 2690 998 2751 sententiis
1022 2689 1064 2750 de
1087 2707 1127 2749 re
1143 2706 1204 2766 pu-

146 2777 238 2838 blica
255 2776 414 2856 pristinis
431 2777 687 2857 permanebam.
711 2777 788 2856 Ego
801 2777 942 2839 sedente
956 2776 1015 2838 Cn.
1030 2775 1230 2855 Pompeio?

146 2882 240 2939 cum,
275 2870 313 2926 ut
346 2865 508 2926 laudaret
541 2865 576 2927 P.
607 2864 770 2942 Sestium,
803 2865 982 2926 introisset
1014 2864 1051 2924 in
1081 2864 1205 2926 urbem

147 2951 361 3031 dixissetque
385 2953 484 3014 testis
501 2953 662 3014 Vatinius
685 2971 740 3014 me
756 2952 899 3014 fortuna
924 2958 958 3014 et
981 2952 1151 3014 felicitate
1168 2951 1203 3014 C.

146 3038 308 3101 Caesaris
336 3045 546 3102 commotum
573 3041 625 3101 illi
655 3041 805 3102 amioum
833 3058 907 3101 esse
932 3040 1100 3119 coepisse,
1131 3040 1204 3102 dixi

146 3145 199 3189 me
224 3128 267 3189 M.
289 3128 406 3190 Bibuli
430 3128 617 3204 fortunam,
647 3147 752 3207 quam
775 3128 834 3189 ille
860 3126 1030 3190 afflictam
1054 3133 1204 3207 putaret,

145 3215 301 3276 omnium
344 3216 531 3295 triumphis
569 3217 799 3295 victoriisque
844 3215 1021 3277 anteferre
1061 3216 1204 3294 dixique

146 3303 268 3366 eodem
292 3309 379 3365 teste
397 3304 466 3365 alio
489 3304 566 3366 loco
583 3304 722 3366 eosdem
741 3322 823 3380 esse,
848 3304 907 3383 qui
925 3304 1089 3380 Bibulum
1108 3303 1204 3364 exire

146 3391 249 3453 domo
273 3391 543 3471 prohibuissent,
568 3396 602 3452 et
626 3391 686 3470 qui
710 3410 764 3453 me
784 3392 997 3471 coegissent;
1024 3396 1097 3453 tota
1119 3408 1204 3451 vero

145 3479 380 3558 interrogatio
412 3498 487 3540 mea
520 3478 608 3540 nihil
641 3479 765 3541 habuit
797 3479 865 3540 nisi
897 3477 1204 3557 reprehensionem

145 3565 242 3628 illius
266 3566 475 3629 tribunatus
522 3567 563 3629 In
587 3585 656 3646 quo
680 3568 797 3628 omnia
821 3568 1017 3628 dictasunt
1041 3565 1205 3627 libertate

145 3654 333 3734 animoque
356 3655 508 3717 maximo
533 3656 575 3718 de
599 3655 649 3731 vi,
680 3655 722 3716 de
747 3654 925 3732 auspiciis»,
950 3653 993 3714 de
1017 3652 1205 3714 donatione
