2742 4075
147 186 190 248 40
599 202 623 271 1,
644 205 684 258 18.
705 206 746 259 19.

235 360 303 424 Sed
326 362 492 439 feremus,
524 363 628 425 modo
660 363 706 424 sit
741 382 911 426 annuum:
947 364 976 425 si
1008 382 1064 425 me
1095 382 1204 441 amas,

148 449 241 511 adsis
264 455 303 511 tu
326 451 370 513 ad
393 455 539 530 tempus,
563 458 602 512 ut
618 457 776 514 senatum
793 457 905 514 totum
928 452 1066 514 excites.
1105 452 1204 513 Miri-

146 535 214 599 fice
238 538 408 600 sollicitus
432 557 522 616 sum,
550 540 644 618 quod
671 540 742 601 iam
770 540 830 602 diu
858 540 979 619 ignota
1010 546 1091 601 sunt
1114 539 1201 601 mihi

147 625 214 687 ista
238 627 354 688 omnia
362 648 369 703 ;
397 645 515 705 quare,
538 633 577 689 ut
597 627 642 688 ad
665 633 700 689 te
717 634 797 690 ante
820 628 956 707 scripsi,
980 645 1058 689 cum
1075 632 1202 703 cetera,

147 718 221 774 tum
243 733 301 775 res
324 714 465 794 publica
490 733 574 777 cura
602 720 641 776 ut
663 716 749 776 mihi
779 721 862 778 nota
886 716 939 778 sit
986 715 1092 777 Plura
1117 715 1203 776 scri·

145 801 236 879 bam,
260 819 338 863 curn
362 803 567 878 constiter03
594 804 679 865 haec
703 804 856 866 sciebam
871 804 973 865 tarde
996 803 1061 865 tibi
1084 803 1202 864 reddi-

146 894 220 950 tum
247 889 307 967 iri,
335 892 396 952 sed
424 891 551 953 dabam
579 890 747 954 familiari
777 892 908 953 homini
938 909 977 953 ac
1001 891 1203 967 domestico,

147 977 182 1040 C.
199 977 400 1040 Andronico
416 979 617 1041 Puteolano,
653 980 705 1041 Tu
721 985 837 1041 autem
861 997 964 1058 saepe
984 979 1068 1040 dare
1092 979 1203 1040 tabel-

147 1066 246 1128 lariis
268 1067 537 1146 publicanorum
556 1067 689 1146 poteris
712 1086 775 1147 per
792 1067 980 1146 magistros
1003 1066 1203 1146 scripturae

147 1161 180 1216 et
204 1162 328 1234 portus
351 1161 553 1216 nostrarum
576 1155 795 1217 dioecesium.

474 1562 522 1624 19.
549 1561 607 1640 (ad
630 1560 711 1623 iam.
735 1561 805 1638 XV,
829 1561 872 1639 4.)

341 1754 379 1808 Μ.
401 1752 555 1810 CICERO
575 1751 660 1807 IMP.
681 1751 711 1807 S.
731 1752 767 1807 D.
787 1750 826 1806 M.
848 1749 1008 1807 CATONI.

120 1945 134 1998 1
234 1948 373 2010 Summa
390 1954 450 2009 tua
475 1947 666 2009 auctoritas
690 1945 773 2008 fecit
792 1964 975 2024 meumque
991 1950 1200 2024 perpetuum

147 2040 189 2101 de
213 2043 273 2099 tua
297 2035 468 2116 singulari
492 2035 624 2097 virtute
647 2034 824 2110 iudicium,
848 2041 887 2096 ut
910 2033 1028 2113 magni
1049 2052 1125 2095 mea
1148 2032 1198 2095 in-

147 2132 276 2187 teresse
300 2130 461 2203 putarem
477 2128 512 2184 et
527 2141 584 2183 res
601 2140 668 2199 eas,
693 2141 780 2201 quas
800 2122 992 2202 gessissem,
1016 2121 1081 2183 tibi
1097 2130 1199 2184 notas

146 2230 220 2275 esse
244 2216 278 2273 et
301 2229 371 2272 non
394 2209 553 2288 ignorari
576 2215 655 2286 ate,
679 2228 747 2288 qua
766 2210 941 2289 aequitate
965 2216 999 2271 et
1023 2210 1199 2271 continen-

145 2300 195 2362 tia
219 2304 337 2360 tuerer
361 2297 473 2359 socios
496 2297 785 2376 provinciamque
815 2297 1105 2360 administrarem.
1151 2298 1200 2358 lis

146 2387 238 2450 enim
262 2391 340 2447 ate
364 2385 514 2464 cognitis
538 2385 740 2447 arbitrabar
764 2385 903 2447 facilius
925 2404 980 2446 me
1003 2385 1077 2462 tibi,
1110 2403 1199 2463 quae

146 2475 280 2551 vellem,
303 2474 544 2554 probaturum.

119 2560 136 2612 2
234 2561 322 2624 Cum
333 2561 370 2622 in
383 2561 602 2640 provinciam
614 2580 666 2641 pr.
673 2562 711 2624 K.
719 2561 810 2624 Sext.
821 2562 993 2624 venissem
1006 2567 1040 2624 et
1052 2567 1198 2640 propter

146 2651 228 2714 anni
252 2656 388 2730 tempus
413 2650 457 2711 ad
480 2650 672 2711 exercitum
700 2649 785 2711 mihi
809 2648 992 2711 confestim
1020 2667 1095 2712 esse
1119 2666 1199 2709 eun·

147 2741 229 2802 dum
245 2740 411 2815 viderem,
434 2736 578 2799 biduum
594 2738 787 2800 Laodiceae
803 2738 864 2815 fui,
884 2737 1009 2800 deinde
1025 2738 1199 2817 Apameae

147 2827 398 2907 quadriduum,
427 2825 583 2887 triduum
606 2824 794 2904 Synnadis,
817 2826 963 2887 totidem
987 2825 1061 2888 dies
1084 2824 1198 2886 Philo-

146 2915 249 2977 melii.
269 2914 403 2985 Quibus
415 2913 451 2974 in
464 2913 603 2993 oppidis
616 2930 695 2974 curn
706 2913 824 2992 magni
838 2920 1030 2976 conventus
1042 2914 1199 2990 fuissent,

146 3003 273 3064 multas
302 3001 463 3063 civitates
494 3001 728 3063 acerbissimis
756 3002 899 3063 tributis
923 3007 957 3063 et
980 3001 1199 3080 gravissimis

146 3089 262 3152 usuris
290 3094 325 3151 et
352 3088 442 3150 falso
472 3108 551 3152 aere
581 3089 694 3151 alieno
724 3089 883 3151 liberavi.
935 3089 1090 3169 Cumque
1119 3095 1199 3150 ante

147 3179 336 3240 adventum
368 3195 483 3238 meum
515 3177 685 3240 seditione
716 3178 868 3256 quadam
902 3178 1077 3239 exereitus
1109 3184 1199 3239 esset

146 3266 345 3346 dissipatus,
370 3265 523 3345 quinque
540 3266 701 3327 cohortes
719 3265 792 3327 sine
809 3265 934 3344 legato,
957 3266 1031 3327 sine
1055 3266 1198 3327 tribuno

145 3355 308 3432 militum,
342 3352 491 3432 denique
524 3354 629 3415 etiam
661 3353 736 3415 sine
766 3353 969 3416 centurione
1002 3354 1074 3415 ullo
1105 3354 1199 3432 apud

145 3442 389 3505 Philomelium
413 3442 658 3516 consedissent,
681 3442 838 3520 reliquus
858 3441 1033 3502 exercitus
1049 3446 1139 3503 esset
1161 3442 1198 3502 in

145 3530 331 3608 Lycaonia,
355 3531 397 3591 M.
415 3529 549 3591 Anneio
564 3530 680 3609 legato
705 3529 886 3609 imperavi,
909 3535 948 3588 ut
964 3546 1022 3590 eas
1045 3529 1199 3608 quinque

146 3618 307 3679 cohortes
336 3618 380 3679 ad
410 3618 585 3696 reliquum
617 3617 810 3679 exercitum
838 3616 981 3677 duceret
1009 3622 1199 3695 coactoque

145 3704 182 3766 in
214 3722 322 3765 unum
352 3704 467 3766 locum
499 3705 656 3767 exercitu
689 3709 805 3766 castra
834 3701 871 3764 in
899 3701 1075 3782 Lycaonia
1105 3703 1199 3783 apud
