2742 4075
508 180 795 248 mmmmm
1137 166 1175 226 ss

117 340 185 402 tibi
211 340 424 419 persuadeas
447 340 562 417 velim,
585 340 702 401 omnia
725 340 811 401 mihi
834 340 911 404 iore
935 341 1119 421 explicata,
1147 340 1176 401 91

117 434 154 490 19
177 428 303 490 videro
311 448 319 503 ;
356 428 418 489 sed
446 432 559 489 totum
588 428 700 489 estin
724 446 778 505 90,
807 429 836 489 91
866 436 959 506 ante,
989 447 1094 508 quam
1117 427 1177 489 ille

118 516 215 577 ineat
239 515 493 595 magistratum.
532 515 622 577 Puto
641 515 845 595 Pompeium
870 517 996 579 Crasso
1020 521 1177 596 urgente,

118 603 150 665 si
167 608 205 665 tu
224 603 349 680 aderis,
374 603 434 682 qui
451 621 514 683 per
529 606 660 681 βοῶπιν
677 622 719 665 ex
742 604 819 682 ipso
834 604 1039 683 intellegere
1055 603 1177 684 possis,

118 709 191 770 qua
215 690 287 753 fide
317 691 360 753 ab
389 690 460 752 illis
489 696 630 770 agatur,
658 710 722 753 nos
752 699 812 753 aut
836 692 910 754 sine
933 692 1091 755 molestia
1117 696 1177 752 aut

118 783 216 841 certe
240 778 314 840 sine
338 797 459 840 errore
475 778 623 840 futuros.
659 779 828 841 Precibus
844 780 974 842 nostris
998 786 1032 841 et
1056 779 1176 841 cohor-

118 866 254 928 tatione
277 884 347 928 non
361 866 515 945 indiges;
541 866 626 945 quid
643 884 719 928 mea
736 867 907 944 voluntas,
932 868 1016 946 quid
1031 873 1177 946 tempus,

118 954 208 1033 quid
230 953 283 1015 rei
306 954 512 1033 magnitudo
536 954 698 1034 postulet,
722 955 906 1034 intellegis,

210 1041 259 1102 Dc
287 1059 326 1102 rc
355 1041 496 1120 publica
528 1041 615 1102 nihil
647 1042 759 1104 habeo
791 1043 835 1105 ad
864 1049 897 1105 te
926 1042 1081 1104 scribere
1109 1042 1205 1102 111916

118 1147 293 1190 summum
318 1129 435 1191 odium
453 1129 607 1190 omnium
631 1130 811 1192 hominum
829 1130 867 1191 in
890 1149 957 1207 909,
981 1130 1041 1209 qui
1058 1136 1177 1191 tenent

117 1217 246 1279 omnia.
293 1217 498 1279 Mutationis
522 1222 638 1279 tamen
662 1236 741 1297 spes
764 1218 869 1279 nulla.
909 1218 986 1295 Sed,
1010 1218 1105 1297 quod
1127 1217 1177 1278 ia-

118 1304 187 1367 cile
211 1305 355 1382 sentias,
378 1305 495 1367 taedet
518 1305 633 1384 ipsum
657 1305 860 1385 Pompeium
885 1305 1177 1384 vehementerque

118 1392 284 1472 paenitet.
323 1393 399 1453 Non
423 1392 593 1472 provideo
617 1393 712 1471 satis,
736 1412 839 1472 quem
862 1394 995 1455 exitum
1018 1393 1178 1455 futurum

118 1485 240 1560 putem
248 1501 256 1555 ;
283 1480 344 1542 sed
368 1486 461 1542 certe
486 1481 651 1542 videntur
676 1481 762 1543 haec
787 1481 904 1560 aliquo
928 1487 1106 1561 eruptura.

210 1567 336 1630 Libros
366 1567 574 1644 Alexandri,
609 1568 827 1648 neglegentis
859 1569 1010 1630 hominis
1041 1575 1075 1630 et
1108 1577 1204 1630 nont

119 1655 204 1717 boni
228 1657 361 1735 potitae,
385 1656 446 1717 sed
469 1661 586 1718 tamen
610 1674 679 1717 non
696 1656 840 1732 inutilis,
864 1657 930 1719 tibi
946 1657 1074 1719 remisi.
1110 1657 1177 1717 Nu-

119 1743 270 1811 merium
293 1743 511 1805 Numestium
540 1744 691 1805 libenter
721 1745 838 1823 accepi
862 1745 899 1805 in
931 1745 1120 1806 amicitiam
1144 1751 1178 1806 et

120 1831 297 1893 hominem
321 1849 469 1910 gravem
492 1837 526 1892 et
550 1831 759 1910 prudentem
784 1837 818 1892 et
835 1831 981 1909 dignum
1004 1837 1064 1892 tua
1089 1850 1178 1893 com-

119 1918 343 1981 mendatione
368 1919 526 1999 cognovi.

471 2144 830 2225 ammmm

437 2284 868 2342 mmmfflmffl.

212 2410 354 2472 Utinam
378 2409 475 2470 illum
501 2411 591 2472 diem
615 2411 763 2487 videam,
787 2428 865 2471 cum
889 2410 954 2470 tibi
975 2428 1077 2488 agam
1101 2428 1179 2488 gra·

119 2500 200 2575 tias,
230 2497 324 2576 quod
348 2515 402 2558 me
426 2497 546 2559 vivere
570 2498 731 2577 coegisti!
771 2497 883 2558 adhuc
913 2497 1052 2575 quidem
1077 2497 1179 2558 valde

120 2605 176 2648 me
201 2584 365 2664 paenitet.
412 2584 480 2647 Sed
503 2589 537 2647 te
561 2604 632 2664 oro,
658 2592 697 2647 ut
722 2586 766 2647 ad
789 2603 844 2646 me
868 2585 1037 2646 Vibonem
1062 2585 1179 2646 statim

122 2674 253 2749 venias,
278 2691 347 2752 quo
372 2691 436 2752 ego
453 2673 572 2734 multis
596 2674 638 2735 de
659 2673 774 2735 causis
798 2671 956 2734 converti
972 2671 1040 2732 iter
1056 2690 1179 2732 meum.

120 2762 199 2838 Sed,
223 2779 264 2823 eo
288 2761 317 2822 si
342 2761 489 2839 veneris,
515 2762 556 2822 de
580 2767 655 2824 toto
678 2761 805 2822 itinere
830 2778 869 2821 ac
893 2759 978 2838 fuga
1001 2777 1078 2820 mea
1102 2777 1184 2833 con-¹

120 2849 239 2911 silium
257 2867 382 2928 capere
405 2855 538 2929 potero.
572 2848 608 2910 Si
625 2849 662 2910 id
678 2847 897 2924 1011909119,
921 2846 1093 2921 mirabor;
1120 2847 1180 2908 sed

121 2936 264 2998 confido
288 2943 322 2998 19
346 2955 420 2998 9999
443 2936 629 2998 iacturum.

473 3146 831 3225 cmmmm

439 3284 593 3342 CICERO
614 3282 766 3340 ATTICO
787 3284 870 3339 SAL.

211 3411 372 3473 Miseriae
389 3416 529 3472 nostrae
545 3410 663 3489 potius
680 3410 784 3472 velim
802 3428 906 3488 quam
926 3408 1180 3470 inconstantiae

122 3499 270 3574 tribuas,
294 3499 388 3577 quod
412 3497 593 3573 aVibone,
617 3516 687 3576 quo
711 3504 745 3559 te
770 3497 1040 3573 arcessebamus,
1064 3494 1182 3557 subito·

123 3586 353 3648 discessimus.
401 3585 516 3646 Allata
546 3591 597 3646 est
626 3586 718 3646 enim
747 3585 848 3646 nobis
875 3583 1015 3662 rogatio
1039 3583 1081 3644 de
1104 3601 1180 3662 per-

122 3674 214 3736 nicie
239 3692 330 3748 mea;
356 3673 392 3734 in
417 3691 485 3751 qua
512 3673 606 3751 quod
630 3678 826 3734 correctum
851 3689 925 3732 esse
950 3670 1180 3742 audieramus,
