2742 4075
305 182 345 236 aa
364 181 425 235 10.
445 180 516 249 xri,
537 182 578 236 1o.
598 209 631 218 -
650 180 690 235 ad
708 179 781 234 fam.
801 180 854 247 rx,
875 183 917 235 11.
955 180 1006 247 lv,
1026 183 1050 236 5.
1159 168 1198 226 77

143 360 248 421 quem
272 340 403 403 1011001
427 345 521 402 00110
544 340 772 417 moderatius,
796 339 826 401 si
850 345 884 401 10
908 340 1073 405 haberem
1081 361 1088 415 ;
1119 359 1200 402 nam

142 436 178 490 et
207 430 322 490 oratio
352 434 413 490 tua
442 427 596 507 prudens
626 434 660 489 et
688 446 785 489 amor
815 446 900 506 erga
929 446 982 489 me
1010 427 1200 506 singularis

142 517 293 578 multum
305 517 449 578 levaret.
472 515 548 590 Sed,
562 515 727 594 quoniam
739 515 839 577 brevi
852 520 1017 595 tempore,
1030 521 1069 576 01
1081 515 1199 594 opinio

142 609 265 666 nostra
290 609 351 681 001,
374 609 408 666 10
432 623 508 665 sum
527 604 677 680 visurus,
701 604 750 664 ita
770 621 824 664 me
845 602 1012 665 affectum
1033 602 1200 680 offendes,

141 698 181 754 ut
205 692 354 753 multum
379 710 398 753 a
423 698 456 753 te
479 692 610 771 possim
625 691 743 753 iuvari
751 712 759 765 ;
785 709 854 752 non
871 709 940 769 quo
955 691 1005 753 ita
1029 692 1094 752 sim
1110 691 1199 753 frac-

141 786 209 856 tus,
234 785 273 841 ut
298 785 357 841 aut
380 779 554 841 hominem
570 798 625 841 me
641 798 716 842 esse
732 779 862 841 oblitus
879 779 944 840 sim
960 786 1020 841 aut
1036 779 1200 841 fortunae

141 867 440 929 succumbendum
455 872 584 947 putem,
607 869 666 930 sed
684 872 800 928 tamen
817 866 978 928 hilaritas
1002 867 1062 928 illa
1079 873 1199 929 nostra

141 961 177 1017 et
194 956 360 1032 suavitas,
385 973 474 1034 quae
491 961 525 1016 10
541 961 682 1034 praeter
699 960 833 1017 ceteros
849 955 1054 1031 delectabat,
1079 961 1199 1035 erepta

142 1043 230 1104 mihi
254 1043 367 1104 omnis
390 1047 442 1104 est
450 1063 457 1117 ;
484 1042 690 1105 firmitatem
713 1048 830 1105 tamen
854 1048 887 1104 et
904 1043 1145 1119 constantiam,
1169 1043 1198 1104 si

141 1132 247 1193 modo
280 1131 348 1191 fuit
382 1130 572 1209 aliquando
604 1131 640 1192 in
672 1131 789 1207 nobis,
825 1131 970 1193 eandem
1003 1149 1199 1210 cognosces,

141 1237 249 1298 quam
273 1218 456 1297 reliquisti.

232 1305 333 1378 Quod
357 1306 482 1367 scribis
506 1306 640 1385 proelia
657 1313 692 1368 10
711 1324 787 1367 0100
804 1324 909 1368 00000
925 1307 1105 1382 000110010,
1129 1318 1225 1369 0002

142 1400 216 1455 1001
239 1393 276 1455 id
299 1393 432 1469 laboro,
455 1399 502 1468 01,
527 1395 555 1455 01
580 1395 640 1473 qui
665 1394 751 1455 mihi
775 1394 980 1471 obtrectent,
1006 1412 1024 1455 a
1049 1393 1198 1456 101010-

141 1486 271 1558 tentur,
296 1500 401 1560 quam
423 1482 581 1561 intellegi
605 1483 717 1562 cupio,
742 1483 835 1563 quod
855 1488 949 1544 certe
972 1482 1198 1561 intellegitur,

142 1587 197 1631 mc
222 1587 241 1630 a
265 1574 300 1630 te
324 1569 443 1630 amari.
481 1568 582 1640 Quod
598 1575 636 1631 ut
651 1570 770 1646 facias,
794 1576 828 1632 te
845 1570 950 1631 etiam
965 1575 1069 1649 atque
1093 1569 1198 1632 etiam

142 1674 240 1736 rogo,
264 1657 494 1736 ignoscasque
517 1658 685 1719 brevitati
704 1658 903 1719 litterarum
919 1676 1076 1719 mearum
1083 1679 1091 1733 ;
1117 1676 1199 1719 nam

143 1749 178 1806 01
202 1744 364 1807 celeriter
380 1763 449 1806 una
466 1744 685 1821 futurosnos
710 1742 864 1807 arbitror
882 1750 916 1807 01
940 1746 1094 1806 nondum
1113 1746 1198 1806 satis

142 1850 219 1893 sum
244 1832 474 1894 confirmatus
499 1834 543 1894 ad
567 1833 798 1895 scribendum.

476 2011 527 2071 11.
554 2008 613 2087 (aa
636 2008 716 2070 fam.
740 2009 797 2086 iv,
822 2008 864 2086 5.)

449 2148 623 2204 SERVIUS
646 2148 847 2205 CICERONI
868 2149 897 2204 S.

231 2272 463 2352 Posteaquam
479 2274 564 2335 mihi
577 2275 817 2336 renuntiatum
832 2280 884 2337 001
895 2276 937 2337 de
948 2275 1222 2352 obituTulliae,1

141 2360 239 2422 filiae
263 2366 353 2437 1000,
377 2379 460 2422 0000
477 2380 581 2440 quam
597 2380 663 2441 pro
682 2380 733 2440 eo,
758 2380 797 2423 ac
814 2363 928 2439 debui,
952 2363 1111 2441 graviter
1127 2381 1197 2424 mo-

140 2449 297 2527 lesteque
321 2449 385 2509 tuli
410 2467 695 2529 communemque
724 2469 799 2511 eam
823 2450 1057 2513 calamitatem
1081 2450 1197 2511 existi-

141 2536 235 2597 mavi
247 2556 254 2610 ;
290 2536 363 2614 qui,
392 2537 420 2597 si
449 2537 528 2597 istic
557 2537 752 2613 affuissem,
780 2556 892 2617 neque
920 2538 985 2599 tibi
1010 2537 1197 2599 defuissem

141 2641 330 2702 coramque
353 2642 468 2685 meum
492 2624 647 2687 dolorem
671 2626 736 2687 tibi
762 2626 1001 2687 declarassem.
1040 2626 1116 2686 Etsi
1140 2644 1197 2704 ge-

140 2728 207 2772 nus
236 2710 301 2772 hoc
330 2712 578 2774 consolationis
607 2713 773 2774 miserum
803 2718 907 2791 atque
940 2714 1105 2774 acerbum
1136 2718 1196 2789 001,

141 2804 331 2877 propterea
355 2800 451 2878 quia,
480 2819 543 2879 per
567 2819 655 2879 quos
679 2819 719 2862 ea
744 2801 891 2863 confieri
916 2801 1032 2876 debet,
1055 2799 1196 2879 propin-

142 2904 230 2965 quos
255 2904 294 2947 ac
318 2886 516 2962 familiaris,
547 2889 571 2947 ii
596 2888 663 2967 ipsi
693 2889 771 2967 pari
803 2889 960 2951 molestia
990 2887 1196 2950 afficiuntur

140 2992 254 3052 neque
267 2974 342 3036 sine
357 2973 511 3037 lacrimis
528 2976 646 3038 multis
662 2976 700 3037 id
713 2977 833 3038 conari
846 2981 1000 3056 possunt,
1016 2976 1069 3038 uti
1085 2976 1197 3055 magis

140 3062 209 3140 ipsi
237 3061 426 3123 videantur
458 3062 606 3125 aliorum
638 3064 883 3126 consolatione·
904 3065 1064 3144 indigere
1092 3082 1198 3143 quam

142 3148 220 3210 aliis
244 3168 346 3228 posse
369 3168 470 3211 suum
493 3151 651 3213 officium
674 3157 870 3230 praestare,
893 3157 1023 3228 tamen,
1047 3152 1197 3231 quaein

141 3238 339 3315 praesentia
364 3238 401 3298 in
423 3244 575 3300 mentem
602 3239 687 3300 mihi
712 3245 897 3317 venerunt,
927 3240 1066 3301 decrevi
1096 3239 1197 3300 brevi

141 3324 185 3386 ad
209 3330 243 3386 te
268 3325 501 3404 perscribere,
529 3344 599 3388 non
623 3344 692 3405 quo
721 3345 760 3388 ea
784 3332 819 3389 te
846 3327 970 3407 fugere
994 3326 1196 3403 existimem,

141 3412 203 3512 sed
220 3412 328 3512 ‘quod
358 3412 509 3475 forsitan
542 3413 662 3476 dolore
693 3415 881 3494 impeditus
908 3416 1023 3476 minus
1051 3432 1091 3476 ea
1120 3433 1196 3493 per-

142 3517 278 3561 010100.

158 3518 181 3579 p
230 3586 322 3658 Quid
350 3594 415 3666 est,
444 3590 539 3668 quod
562 3595 661 3651 10010
684 3608 790 3669 opere
818 3597 852 3653 te
876 3596 1093 3652 commoveat
1116 3596 1224 3652 10002

142 3674 242 3737 dolor
252 3675 462 3739 intestinus?
480 3676 614 3757 Cogita,
625 3679 916 3757 quemadmodum
930 3679 1043 3741 adhuc
1053 3680 1195 3742 fortuna
1258 3750 1261 3754 ‚
