2742 4075
87 129 94 146 ’
164 147 207 206 24
616 162 764 230 1,15.16.

164 327 199 382 et
223 320 449 383 consiliorum
472 327 506 383 et
530 328 735 402 temporum.
771 321 819 383 Ao
844 340 914 383 non
937 341 1072 399 vereor,
1095 340 1138 384 ne
1163 324 1230 384 ad—

165 408 421 470 sentatiuncula
446 410 597 488 quadam
614 410 783 488 aucupari
808 416 904 471 tuam
920 411 1072 489 gratiam
1089 410 1229 487 videar,

164 515 242 559 cum
276 497 341 558 hoc
372 498 619 574 demonstrem,
652 516 707 559 me
739 516 758 558 a
788 504 822 559 te
850 498 1070 578 potissimum
1100 499 1223 560 ornari

164 585 405 664 celebrarique
429 585 527 647 velle.
573 585 693 664 Neque
721 586 813 646 enim
837 592 875 648 tu
898 586 929 647 is
952 604 1002 663 es,
1031 586 1105 664 qui,
1135 586 1223 665 quid

165 673 220 749 sis,
249 673 383 733 nescias
407 678 442 734 et
470 673 531 751 qui
555 692 625 735 non
649 691 708 735 eos
731 673 852 752 magiS,
878 674 938 752 qui
962 678 996 735 te
1020 691 1090 735 non
1112 673 1224 735 'admi-

164 766 298 838 rentur,
325 759 466 822 invidos
490 779 595 839 quam
618 779 686 838 eos,
715 761 775 839 qui
804 761 957 837 laudent,
987 767 1224 824 assentatores

165 848 357 924 arbitrere;
392 867 504 927 neque
529 854 644 910 autem
668 868 734 928 ego
758 867 834 910 sum
857 850 907 910 ita
932 849 1081 926 demens,
1104 856 1143 910 ut
1166 867 1225 910 me

165 937 396 1016 sempiternae
420 936 555 1015 gloriae
578 955 641 1015 per
666 955 745 998 eum
769 937 1005 999 commendari
1022 936 1137 1013 velim,
1161 937 1221 1016 qui

164 1042 234 1085 non
257 1025 332 1104 ipse
356 1043 495 1103 quoque
518 1024 555 1086 in
582 1043 637 1086 me
667 1026 942 1086 commendando
965 1025 1147 1104 propriam
1170 1026 1223 1085 in·

138 1113 258 1191 7991111
288 1112 438 1191 gloriam
467 1119 710 1191 consequatur.
757 1114 876 1191 Neque
905 1113 997 1174 enim
1022 1112 1223 1175 Alexander

163 1200 223 1262 ille
250 1200 387 1279 gratiae
416 1218 520 1262 causa
550 1202 593 1262 ab
618 1200 739 1280 Apelle
767 1201 986 1280 potissimum
1015 1201 1113 1279 pingi
1143 1206 1176 1262 91
1201 1219 1221 1261 a

164 1288 319 1368 Lysippo
342 1288 432 1367 fingi
455 1288 611 1365 volebat,
639 1289 700 1350 sed
725 1289 819 1368 quod
841 1288 983 1350 illorum
1007 1294 1118 1350 artem
1143 1307 1220 1350 cum

163 1376 249 1454 ipsis
273 1383 346 1438 tum
371 1377 476 1438 etiam
492 1377 559 1438 sibi
583 1376 718 1456 gloriae
734 1376 811 1439 iore
835 1377 991 1456 putabat.
1032 1376 1145 1455 Atque
1168 1376 1220 1437 illi

164 1464 321 1526 artifices
349 1465 508 1543 corporis
536 1464 723 1526 simulacra
752 1464 883 1543 ignotis
911 1470 994 1525 nota
1025 1463 1220 1539 faciebant;

164 1570 254 1630 quae
278 1553 334 1614 vel
358 1553 387 1613 si
411 1553 507 1614 nulla
532 1552 610 1629 sint,
633 1552 744 1615 nihilo
768 1552 837 1613 sint
862 1558 979 1614 tamen
998 1552 1222 1614 obscuriores

164 1640 250 1700 clari
280 1640 357 1702 viri.
404 1640 473 1703 Nec
501 1641 616 1702 minus
644 1645 696 1702 est
724 1640 919 1719 Spartiates
950 1639 1133 1719 Agesilaus
1161 1640 1220 1701 ille

163 1727 414 1806 perhibemus,
444 1729 504 1808 qui
528 1747 641 1808 neque
665 1728 794 1808 pictam
819 1746 931 1807 neque
955 1728 1077 1789 fictam
1099 1727 1221 1805 imagi·

163 1834 242 1878 nem
271 1835 368 1878 suam
399 1835 523 1897 passus
552 1822 603 1879 est
633 1835 721 1894 esse,
751 1834 855 1896 quam
885 1816 944 1895 qui
968 1815 1005 1876 in
1029 1834 1069 1877 99
1093 1832 1217 1894 genere

163 1904 371 1967 laborarunt
380 1926 387 1981 ;
405 1924 495 1967 unus
510 1905 602 1967 enim
617 1904 857 1985 Xenophontis
874 1903 1013 1965 libellus
1029 1904 1066 1964 in
1081 1922 1121 1965 99
1137 1921 1222 1981 rege

163 1992 340 2055 laudando
364 1993 467 2056 facile
497 2011 615 2057 omnes
638 1993 809 2072 imagines
839 1991 993 2055 omnium
1017 1996 1222 2070 statuasque

164 2082 353 2160 superavit.
389 2082 504 2160 Atque
527 2082 592 2143 hoc
616 2081 854 2160 praestantius
877 2079 962 2141 mihi
986 2079 1094 2141 iuerit
1117 2084 1151 2141 et
1177 2080 1221 2141 ad

164 2168 334 2229 laetitiam
358 2168 464 2229 animi
489 2169 583 2230 etad
606 2169 795 2230 memoriae
812 2168 1029 2247 dignitatem,
1053 2167 1082 2228 si
1099 2167 1135 2228 in
1160 2174 1221 2228 tua

67 2286 72 2299 ·
164 2256 294 2335 scripta
319 2274 514 2335 pervenero
539 2274 643 2334 quam
673 2257 702 2318 si
730 2256 767 2317 in
791 2262 1002 2332 ceterorum,
1033 2255 1127 2334 quod
1151 2272 1221 2316 non

162 2343 342 2422 ingenium
365 2344 450 2404 mihi
467 2343 579 2405 solum
603 2344 864 2423 suppeditatum
883 2343 992 2405 iuerit
1007 2349 1114 2420 tuum,
1131 2343 1220 2404 sicut

164 2431 371 2493 Timoleonti
403 2451 422 2493 a
451 2431 592 2493 Timaeo
622 2436 682 2493 aut
712 2433 755 2493 ab
781 2432 963 2493 Herodoto
987 2430 1221 2507 Themistocli,

163 2519 224 2580 sed
252 2519 358 2580 etiam
382 2520 575 2581 91191911199
604 2519 789 2581 clarissimi
818 2525 852 2581 et
881 2518 1126 2599 spectatissimi
1150 2519 1218 2579 viri

163 2612 197 2669 91
227 2606 265 2667 111
295 2608 347 2669 191
377 2627 408 2688 p.
437 2607 599 2669 maximis
627 2607 916 2686 gravissimisque
945 2607 1059 2668 causis
1088 2606 1218 2685 cogniti

163 2701 268 2773 atque
290 2696 327 2756 in
350 2696 474 2776 primis
497 2696 648 2775 probati,
676 2702 715 2756 ut
739 2695 825 2756 mihi
849 2714 919 2756 non
943 2694 1055 2756 solum
1078 2712 1222 2774 praeco·

162 2783 273 2860 nium,
296 2785 403 2862 quod,
432 2802 511 2845 cum
534 2784 571 2844 in
595 2783 737 2863 Sigeum
760 2778 926 2859 venisset,
951 2782 1150 2844 Alexander
1175 2782 1220 2844 ab

163 2871 317 2933 Homero
334 2871 461 2933 Achilli
485 2872 658 2933 tributum
682 2890 756 2934 esse
774 2871 872 2947 dixit,
896 2871 956 2932 sed
980 2870 1085 2931 etiam
1109 2888 1222 2949 grave

162 2959 399 3020 testimonium
413 2959 631 3039 impertitum
648 2959 735 3021 clari
753 2958 903 3021 hominis
920 2958 1108 3037 magnique
1124 2958 1220 3019 vide·

163 3052 251 3108 atur.
297 3046 416 3109 Placet
447 3048 539 3109 enim
563 3049 695 3110 Hector
723 3047 782 3108 1119
807 3045 892 3107 mihi
916 3046 1130 3122 Naevianus,
1159 3045 1217 3124 qui

162 3152 232 3195 non
260 3139 394 3196 tantam
419 3136 605 3198 ‘laudari’
635 3154 670 3197 se
702 3135 864 3211 laetatur,
895 3134 955 3195 sed
987 3134 1085 3195 addit
1115 3133 1218 3195 etiam

162 3223 191 3283 ‘a
215 3222 386 3285 laudato
410 3224 521 3285 viro'.

133 3312 151 3365 8
250 3310 350 3382 Quod
374 3312 440 3373 sia
465 3317 498 3373 te
515 3330 584 3373 non
601 3310 760 3389 impetro,
784 3309 849 3370 hoc
866 3315 926 3387 est,
950 3310 1089 3387 siquae
1113 3315 1220 3370 teres

161 3398 361 3479 impedierit
391 3400 517 3479 (neque
545 3398 637 3461 enim
665 3397 720 3459 ias
748 3416 822 3459 esse
852 3398 1007 3459 arbitror
1032 3396 1218 3475 quicquam

161 3504 215 3548 me
238 3493 423 3566 rogantem
446 3487 508 3547 abs
532 3492 566 3548 te
594 3505 664 3548 non
688 3486 908 3566 impetrare),
938 3503 1044 3563 cogar
1069 3483 1219 3547 fortasse

161 3572 287 3650 facere,
315 3575 409 3653 quod
438 3574 597 3635 nonnulli
626 3592 729 3654 saepe
757 3573 1036 3652 reprehendunt:
1067 3572 1218 3633 scribam

159 3660 236 3739 ipse
266 3662 308 3722 de
336 3680 404 3736 me,
434 3661 624 3723 multorum
652 3669 769 3724 tamen
798 3660 956 3739 exemplo
985 3665 1019 3721 91
1043 3658 1220 3720 clarorum
