2742 4075
181 151 223 210 12
650 164 674 230 I,
694 166 772 218 7-9.

182 329 258 386 erat
295 323 480 399 eiusmodi,
518 329 556 384 ut
591 323 676 383 mihi
714 322 808 384 ultra
846 322 1104 401 quadringenta
1143 322 1240 384 milia

182 412 303 473 liceret
328 430 415 488 esse,
445 410 507 473 illo
536 411 722 489 pervenire
753 428 822 472 non
846 410 976 472 liceret.
1023 410 1148 472 Statim
1172 411 1242 472 iter

182 499 408 561 Brundisium
432 516 555 559 versus
579 498 711 560 contuli
736 498 932 560 antediem
959 498 1169 576 rogationis,
1197 517 1243 559 ne

182 593 216 648 ct
240 586 352 664 Sicca,
382 586 475 665 apud
501 604 602 664 quem
627 604 736 662 eram,
765 585 897 664 periret
926 591 960 646 et
984 586 1078 664 quod
1100 585 1244 647 Melitae

182 693 256 736 csse
272 693 342 736 non
358 674 494 735 licebat.
524 673 623 734 Nunc
639 679 678 734 tu
695 691 856 752 propera,
880 679 919 734 ut
936 692 999 735 nos
1016 691 1242 752 consequare,

182 763 210 823 si
234 762 338 823 modo
361 761 581 841 recipiemur.
621 761 744 823 Adhuc
768 761 961 823 invitamur
984 761 1144 839 benigne,
1169 762 1242 837 sed,

182 850 276 928 quod
311 854 484 929 superest,
517 849 685 910 timemus.
739 850 808 926 Me,
840 849 888 909 mi
917 848 1101 927 Pomponi,
1136 848 1244 909 valde

182 937 336 1016 paenitet
365 937 501 1011 vivere;
537 955 605 1015 qua
633 937 670 997 in
698 955 738 998 rc
771 937 864 1016 apud
897 955 952 998 me
982 942 1021 997 tu
1048 936 1243 1016 plurimum

182 1025 336 1086 valuisti.
383 1024 450 1086 Sed
475 1025 559 1086 haec
584 1042 711 1085 coram.
759 1025 827 1085 Fac
851 1024 963 1101 modo,
987 1030 1026 1085 ut
1050 1024 1179 1085 venias

411 1233 414 1240 ’
528 1254 888 1334 ammmm

497 1392 651 1449 CICERO
671 1392 824 1449 ATTICO
845 1392 928 1448 SAL.

270 1517 347 1578 Non
376 1516 492 1578 fuerat
521 1517 606 1578 mihi
635 1517 795 1592 dubium,
830 1517 914 1596 quin
944 1523 978 1578 te
1006 1515 1149 1577 Tarenti
1180 1520 1241 1576 aut

182 1604 360 1666 Brundisii
378 1604 519 1666 visurus
535 1623 654 1681 essem,
678 1605 784 1683 idque
805 1606 849 1666 ad
867 1604 975 1665 multa
999 1603 1179 1683 pertinuit,
1203 1604 1239 1663 in

182 1692 240 1767 eis,
265 1697 299 1753 et
323 1698 361 1752 ut
384 1693 421 1752 in
436 1692 546 1771 Epiro
571 1692 839 1754 consisteremus
856 1697 889 1754 et
907 1694 949 1754 de
969 1691 1117 1770 reliquis
1133 1691 1240 1752 rebus

182 1785 243 1842 tuo
267 1780 412 1842 consilio
429 1787 615 1842 uteremur.
650 1779 821 1851 Quoniam
844 1781 881 1842 id
897 1798 967 1841 non
991 1779 1146 1859 contigit,
1170 1778 1239 1839 erit

182 1868 247 1930 hoc
272 1887 410 1947 quoque
441 1868 477 1929 in
509 1887 635 1948 magno
664 1887 810 1931 numero
833 1875 1034 1929 nostrorum
1058 1866 1239 1927 malorum.

181 1956 289 2018 Nobis
313 1956 380 2018 iter
398 1962 449 2018 est
473 1957 510 2017 in
526 1956 652 2032 Asiam,
677 1957 827 2018 maxime
844 1956 1017 2037 Cyzicum.
1056 1955 1149 2016 Meos
1173 1953 1239 2015 tibi

182 2045 393 2106 commende.
428 2045 481 2105 Me
506 2045 786 2123 vixmisereque
810 2050 974 2106 sustento.
1007 2044 1095 2104 Data
1112 2059 1184 2105 11111
1200 2043 1239 2103 K.

182 2131 293 2191 Maias
318 2131 359 2192 de
384 2132 582 2194 Tarentino.

514 2341 911 2421 amaamvm

264 2480 440 2536 TULLIUS
462 2481 491 2537 S.
512 2481 547 2535 D.
567 2480 807 2536 TERENTIAE
830 2482 881 2536 ET
902 2481 1080 2536 TULLIAE
1103 2482 1156 2536 ET

550 2568 752 2625 CICERONI
774 2569 874 2625 SUIS.

156 2699 169 2751 1
270 2695 346 2773 Ego
359 2695 473 2755 minus
489 2713 591 2773 saepe
605 2696 649 2756 do
667 2694 712 2755 ad
725 2712 788 2755 vos
804 2694 950 2772 litterae,
967 2714 1072 2774 quam
1088 2713 1239 2774 possum,

181 2788 368 2861 propterea
387 2783 480 2861 quod
500 2799 578 2842 cum
595 2782 711 2843 omnia
729 2782 812 2842 mihi
829 2789 987 2862 tempora
1004 2790 1085 2844 sunt
1101 2783 1239 2860 misera,

181 2875 256 2930 tum
279 2888 378 2946 vero,
407 2887 485 2930 cum
515 2876 574 2931 aut
603 2869 721 2931 scribo
750 2871 881 2932 advos
906 2877 966 2931 aut
990 2877 1126 2932 vestras
1149 2871 1239 2949 lego,

181 2956 350 3018 conficior
379 2956 533 3018 lacrimis
562 2958 625 3034 sic,
655 2963 694 3018 ut
723 2957 817 3018 ferre
846 2977 916 3019 non
949 2958 1086 3038 possim.
1137 2957 1238 3029 Quod

180 3044 315 3104 utinam
339 3045 453 3106 minus
469 3045 563 3107 vitae
580 3045 699 3123 cupidi
719 3044 920 3106 fuissemus!
947 3052 1041 3108 certe
1065 3046 1152 3107 nihil
1177 3052 1237 3107 aut

181 3149 250 3192 non
274 3133 422 3193 multum
446 3134 482 3193 in
506 3134 580 3194 vita
603 3132 687 3194 mali
704 3132 919 3196 vidissemus.
953 3133 1053 3205 Quod
1068 3134 1097 3195 si
1113 3152 1176 3196 nos
1193 3134 1237 3195 ad
1260 3147 1264 3157 ’

182 3219 335 3298 aliquam
349 3219 496 3282 alicuius
507 3221 679 3283 commodi
697 3221 886 3300 aliquando
897 3222 1128 3301 recuperandi
1141 3240 1238 3301 spem

180 3306 323 3369 fortuna
354 3310 566 3385 reservavit,
598 3308 711 3369 minus
740 3315 791 3370 est
821 3316 977 3371 erratum
1007 3329 1026 3370 a
1055 3310 1172 3384 nobis;
1208 3310 1237 3370 si

180 3395 265 3456 haec
289 3395 380 3456 mala
397 3395 471 3457 fixa
496 3402 585 3472 sunt,
609 3414 777 3474 egovero
797 3403 951 3476 tequam
976 3398 1136 3477 primum,
1160 3415 1237 3458 mea

180 3482 263 3559 vita,
288 3483 390 3561 cupio
408 3484 528 3545 videre
547 3484 634 3545 etin
651 3489 712 3545 tuo
729 3485 912 3563 complexu
929 3485 1047 3562 emori,
1071 3484 1236 3564 quoniam

179 3588 292 3647 neque
316 3570 374 3646 dii,
399 3589 486 3649 quos
503 3577 541 3632 tu
557 3571 750 3633 castissime
767 3571 914 3647 coluisti,
938 3590 1050 3650 neque
1071 3573 1236 3648 homines

179 3657 308 3735 quibus
324 3676 389 3736 ego
406 3677 542 3738 semper
559 3659 700 3735 servivi,
725 3659 826 3720 nobis
846 3659 998 3736 gratiam
1014 3659 1237 3721 rettulerunt.
