2742 4075
597 193 816 262 mmxa
1219 178 1238 238 3

181 354 257 433 ipse
275 354 366 415 mihi
390 353 510 414 dixisti
541 352 737 414 orationem
765 370 877 414 meam
905 371 975 413 non
1003 352 1115 414 solum
1143 353 1180 414 in
1204 360 1238 413 te

182 441 428 517 honorificam,
457 441 517 502 sed
541 440 646 502 etiam
670 441 707 500 in
736 440 888 518 collegas
911 446 990 502 tuos
1014 440 1237 502 contumelio-

182 546 256 590 sam
286 529 403 590 fuisse.
449 528 524 589 Iam
553 528 640 589 illud
669 533 811 589 senatus
840 528 1050 605 consultum,
1080 529 1173 606 quod
1197 540 1265 590 eol

182 615 239 678 die
261 616 470 692 factumest,
494 634 534 678 ea
558 615 836 695 praescriptione
860 621 921 691 est,
945 621 992 692 ut,
1017 617 1098 678 dum
1121 616 1158 678 id
1182 634 1238 678 ex-

181 705 299 781 stabit,
323 703 481 765 officium
498 721 612 764 meum
636 703 672 763 in
689 708 723 765 te
739 703 927 764 obscurum
943 721 1017 766 esse
1033 722 1103 765 non
1120 704 1238 782 possit.

182 791 307 854 Postea
324 810 409 854 vero
427 809 531 870 quam
547 790 728 869 profectus
743 809 788 868 es,
808 791 914 852 velim
931 793 1125 868 recordere,
1150 810 1239 870 quae

183 897 248 958 ego
281 880 323 942 de
354 885 388 941 te
420 879 456 939 in
488 883 612 940 senatu
644 878 792 957 egerim,
826 896 916 958 quae
948 879 984 939 in
1018 879 1240 941 contionibus

182 964 346 1043 dixerim,
383 985 470 1045 quas
502 967 547 1029 ad
580 972 614 1027 te
646 965 784 1027 litteras
815 966 979 1029 miserim.
1034 966 1129 1038 Quae
1161 986 1238 1028 cum

183 1054 298 1116 omnia
323 1054 516 1133 collegeris,
541 1059 580 1115 tu
603 1054 678 1133 ipse
696 1053 800 1116 velim
825 1054 967 1132 iudices,
992 1055 1120 1117 satisne
1145 1055 1238 1117 vide-

183 1147 263 1204 atur
287 1142 341 1204 his
365 1142 527 1203 omnibus
549 1142 656 1203 rebus
672 1147 754 1203 tuus
775 1142 955 1220 adventus
979 1160 1057 1203 cum
1080 1143 1239 1221 proxime

183 1231 329 1292 Romam
353 1230 490 1307 venisti,
514 1234 633 1290 mutue
656 1229 887 1307 respondisse.

270 1317 370 1389 Quod
395 1317 521 1379 scribis
545 1317 587 1379 de
611 1317 849 1379 ‘reconciliata
866 1316 992 1395 gratia'
1016 1322 1146 1393 nostra,
1169 1332 1265 1384 non5

182 1405 357 1484 intellego,
374 1423 437 1466 cur
453 1403 716 1466 reconciliatam
732 1422 807 1466 esse
822 1404 927 1481 dicas,
944 1422 1033 1482 quae
1050 1423 1238 1483 numquam

182 1493 367 1555 imminuta
384 1499 444 1554 est.
469 1492 570 1564 Quod
586 1492 713 1553 scribis
731 1510 799 1553 non
823 1492 1019 1571 oportuisse
1045 1492 1266 1569 ‘Metellumss

182 1579 331 1642 fratrem
356 1586 468 1656 tuum,
497 1581 541 1642 ob
567 1580 699 1640 dictum
724 1598 743 1641 a
767 1598 822 1642 me
846 1579 1063 1659 oppugnari’,
1087 1580 1238 1658 primum

182 1667 248 1729 hoc
272 1668 377 1729 velim
401 1668 587 1745 existimes,
612 1667 766 1729 animum
789 1668 874 1729 mihi
893 1668 999 1729 istum
1023 1674 1121 1729 tuum
1138 1667 1238 1730 vehe-

183 1761 317 1817 menter
340 1755 487 1834 probari
510 1760 544 1817 et
567 1754 762 1816 fraternam
786 1755 925 1834 plenam
946 1755 1174 1816 humanitatis
1199 1773 1238 1816 ac

183 1843 326 1921 pietatis
349 1843 581 1918 voluntatem;
617 1842 752 1919 deinde,
776 1843 805 1903 si
830 1860 898 1920 qua
922 1860 987 1921 ego
1010 1842 1046 1902 in
1070 1860 1110 1902 re
1133 1841 1239 1903 fratri

185 1935 246 1990 tuo
269 1929 322 1991 rei
345 1929 506 2008 publicae
530 1947 635 1992 causa
662 1929 867 2007 restiterim,
895 1935 934 1990 ut
964 1928 1048 1990 mihi
1077 1929 1239 2007 ignoscas

185 2017 271 2096 (tam
296 2016 387 2079 enim
411 2034 487 2079 sum
511 2018 642 2080 amicus
665 2017 718 2080 rei
742 2037 773 2098 p.
790 2037 894 2097 quam
919 2016 978 2097 qui
1002 2016 1182 2096 maxime);
1210 2018 1239 2079 si

183 2124 268 2167 vero
291 2123 404 2167 meam
420 2106 568 2168 salutem
592 2112 714 2168 contra
731 2105 826 2168 illius
850 2107 1017 2186 impetum
1034 2106 1071 2167 in
1091 2125 1146 2168 me
1163 2124 1236 2166 cru·

183 2192 397 2255 delissimum
421 2193 649 2271 defenderim,
678 2194 763 2256 satis
787 2194 917 2256 habeas
945 2193 1032 2256 nihil
1055 2213 1110 2256 me
1133 2194 1236 2256 etiam

182 2287 296 2342 tecum
319 2281 363 2343 de
386 2281 438 2342 tui
454 2280 578 2342 fratris
594 2281 724 2343 iniuria
742 2283 918 2360 conqueri.
952 2282 1061 2353 Quem
1078 2301 1143 2361 ego
1160 2300 1237 2344 cum

183 2368 428 2448 comperissem
443 2386 580 2431 omnem
596 2369 649 2430 sui
670 2369 871 2431 tribunatus
888 2375 1049 2431 conatum
1073 2370 1110 2431 in
1126 2388 1237 2432 meam

182 2456 373 2534 perniciem
396 2474 525 2535 parare
553 2462 659 2535 atque
686 2456 865 2535 meditari,
894 2458 951 2536 egi
980 2476 1057 2519 cum
1082 2458 1238 2534 Claudia,

182 2561 292 2605 uxore
315 2548 390 2620 tua,
419 2549 453 2606 et
477 2561 556 2604 cum
579 2549 698 2606 vestra
730 2562 851 2606 sorore
874 2544 1002 2622 Mucia,
1031 2546 1129 2607 cuius
1153 2564 1237 2625 erga

181 2648 236 2692 me
259 2631 414 2692 studium
437 2648 503 2710 pro
529 2631 589 2693 Cn.
613 2632 757 2712 Pompei
781 2632 1036 2694 necessitudine
1059 2633 1177 2694 multis
1201 2633 1237 2693 in

181 2719 288 2780 rebus
302 2736 560 2798 perspexeram,
577 2724 712 2781 uteum
729 2721 772 2782 ab
789 2720 850 2781 illa
867 2719 996 2782 iniuria
1010 2720 1236 2782 deterrerent.

182 2805 289 2884 Atqui
312 2805 380 2883 ille,
405 2806 498 2885 quod
515 2811 550 2868 te
566 2807 705 2869 audisse
722 2813 818 2870 certo
835 2807 916 2883 scio,
940 2825 992 2886 pr.
1009 2808 1046 2869 K.
1063 2808 1144 2884 Ian,
1168 2817 1264 2886 qual

180 2893 311 2955 iniuria
340 2912 441 2955 nemo
469 2912 636 2973 umquam
663 2895 701 2955 in
724 2894 847 2956 infimo
875 2895 1086 2974 magistratu
1109 2896 1236 2975 impro-

181 2980 344 3042 bissimus
369 2981 457 3043 civis
481 2981 639 3044 adfectus
663 2987 724 3059 est,
756 3000 796 3044 ea
821 3000 874 3044 me
899 2982 1074 3045 consulem
1099 2983 1237 3058 adfecit,

180 3086 260 3130 cum
274 3087 350 3131 rem
365 3087 397 3148 p.
414 3087 684 3147 conservassem,
704 3075 809 3148 atque
826 3071 1011 3133 abeuntem
1027 3072 1236 3150 magistratu

180 3156 354 3219 contionis
377 3157 560 3219 habendae
585 3163 759 3237 potestate
775 3158 940 3237 privavit.
979 3158 1086 3221 Cuius
1106 3158 1235 3220 iniuria

179 3244 266 3305 mihi
290 3249 406 3306 tamen
430 3244 555 3306 honori
579 3263 714 3306 summo
736 3244 821 3321 fuit,
852 3264 942 3322 nam,
966 3264 1044 3308 oum
1067 3246 1126 3308 ille
1151 3246 1235 3307 mihi

180 3332 278 3409 nihil,
301 3332 368 3394 nisi
384 3338 424 3394 ut
439 3333 603 3410 iurarem,
627 3332 856 3412 permitteret,
875 3352 1002 3413 magna
1019 3351 1103 3395 voce
1119 3333 1236 3395 iuravi

180 3419 402 3485 verissimum
437 3420 781 3501 pulcherrimumque
816 3420 871 3482 ius
906 3421 1108 3497 iurandum,
1142 3420 1236 3499 quod

180 3507 332 3586 populus
355 3508 448 3570 idem
471 3526 597 3587 magna
627 3527 713 3571 voce
740 3527 795 3570 me
823 3527 906 3571 vere
936 3508 1070 3569 iurasse
1093 3508 1235 3569 iuravit.

179 3595 259 3658 Hac
282 3601 424 3676 accepta
447 3602 520 3658 tam
543 3596 673 3675 insigni
697 3596 827 3658 iniuria
856 3602 971 3658 tamen
994 3596 1055 3656 illo
1079 3595 1155 3674 ipso
1180 3595 1264 3659 dies

179 3682 259 3744 misi
284 3682 328 3744 ad
344 3683 521 3747 Metellum
546 3684 739 3747 communis
756 3683 892 3760 amicos,
916 3682 975 3762 qui
996 3687 1141 3761 agerent
1157 3699 1236 3742 cum
