2742 4075
556 227 596 282 ae
614 226 676 281 111.
695 227 765 294 111,
785 228 809 282 a.
1172 211 1213 273 51

157 389 248 461 Quin
271 406 364 450 nuno
388 388 503 467 ipsum
526 406 596 449 non
621 387 791 449 dubitabo
813 405 889 448 rem
909 392 1043 449 tantam
1067 387 1215 464 abicere,

157 478 185 539 si
217 477 255 539 id
287 477 355 538 erit
387 476 526 537 rectius.
578 476 774 554 Utrumque
804 493 890 536 vero
922 474 1026 536 simul
1057 474 1117 554 agi
1145 493 1216 536 non

157 570 285 646 potest,
314 568 348 626 et
378 564 421 625 de
449 563 629 643 triumpho
661 563 845 625 ambitiose
873 568 907 625 et
937 564 979 624 de
1007 581 1046 625 re
1074 562 1216 641 publica

157 654 276 716 libere.
323 651 391 714 Sed
419 669 462 713 ne
491 651 678 727 dubitaris,
708 650 807 729 quin,
836 651 930 729 quod
957 650 1152 728 honestius,
1180 650 1217 712 id

157 740 427 803 mihifuturum
450 739 496 802 sit
512 738 701 818 antiquius.
736 740 833 816 Nam,
858 739 952 817 quod
967 742 1071 818 putas
1094 738 1244 809 utiliusa

139 842 247 905 Ι0000,
274 828 331 890 101
354 826 439 888 mihi
464 828 559 906 quod
582 827 693 889 tutius
716 827 775 904 sit,
805 827 861 889 101
884 826 990 889 etiam
1018 832 1056 888 ut
1079 826 1131 888 rei
1155 845 1216 906 pu·

159 916 271 979 111000
284 915 450 996 prodesse
467 915 605 994 possim,
622 933 676 976 me
693 933 767 977 esse
783 933 861 976 cum
876 914 1034 994 imperio,
1047 914 1083 976 id
1099 932 1217 976 coram

159 1003 459 1066 considerabimus
483 1003 586 1082 quale
610 1002 663 1064 sit.
711 1003 827 1065 Habet
851 1002 943 1065 enim
966 1021 1023 1065 res
1047 1002 1216 1065 delibera·

160 1093 306 1166 tionem;
333 1091 398 1153 etsi
414 1109 457 1152 ex
473 1096 574 1170 parte
590 1109 718 1170 magna
735 1090 800 1152 tibi
825 1091 1005 1153 assentior.
1035 1092 1084 1153 De
1102 1090 1217 1152 animo

160 1186 276 1242 autem
299 1197 377 1241 meo
401 1197 485 1258 erga
508 1179 784 1257 rempublicam
808 1180 896 1241 bene
920 1178 1008 1241 facis
1029 1180 1123 1258 quod
1147 1196 1217 1240 non

159 1267 310 1344 dubitas,
334 1273 369 1329 et
391 1265 480 1328 illud
503 1266 613 1346 probe
636 1267 782 1344 iudicas,
805 1285 1027 1346 nequaquam
1043 1267 1129 1329 satis
1151 1284 1217 1346 pro

159 1356 245 1417 meis
269 1354 409 1432 officiis,
431 1373 497 1434 pro
512 1354 624 1434 ipsius
639 1355 676 1416 in
697 1355 784 1418 alios
803 1354 976 1417 effusione
995 1354 1147 1416 illumin
1163 1372 1218 1416 me

159 1444 341 1506 liberalem
365 1441 482 1520 fuisse,
506 1443 650 1522 eiusque
670 1443 722 1505 rei
740 1461 880 1505 causam
897 1462 981 1505 1010
997 1443 1161 1523 explicas,
1183 1447 1217 1505 et

160 1533 219 1610 eis,
243 1549 333 1611 quae
348 1531 391 1592 de
407 1530 517 1592 Fabio
534 1530 751 1610 Caninioque
768 1537 846 1594 aeta
862 1531 995 1609 scribis,
1019 1531 1122 1593 valde
1140 1549 1217 1593 con·

160 1620 323 1681 sentiunt.
370 1617 467 1689 Quae
495 1618 524 1680 si
553 1636 652 1681 secus
680 1624 795 1681 essent
828 1624 1009 1699 totumque
1037 1637 1074 1681 se
1098 1619 1158 1681 ille
1181 1618 1217 1679 in

160 1726 215 1770 me
232 1706 456 1786 profudisset,
479 1712 597 1768 tamen
610 1707 682 1783 illa,
707 1725 812 1786 quam
828 1707 963 1784 scribis,
987 1712 1104 1769 custos
1119 1707 1219 1768 urbis

161 1813 216 1857 me
244 1794 447 1874 praeclarae
479 1794 721 1874 inscriptionis
751 1813 940 1856 memorem
972 1812 1047 1857 esse
1078 1799 1219 1873 cogeret

162 1901 226 1945 nec
248 1882 333 1943 mihi
358 1883 574 1959 concederet,
596 1887 636 1943 ut
659 1882 819 1944 imitarer
839 1882 1035 1944 Volcatium
1060 1888 1120 1943 aut
1144 1880 1219 1943 Ser·

163 1971 269 2048 vium,
293 1970 420 2051 quibus
444 1977 483 2031 tu
507 1987 544 2032 es
568 1973 761 2048 contentus
786 1970 847 2032 sed
871 1969 1005 2049 aliquid
1027 1987 1090 2031 nos
1115 1969 1220 2031 101101
1288 1976 1292 1983 “

163 2058 268 2122 nobis'
289 2059 433 2138 dignum
458 2064 492 2120 et
516 2058 647 2121 sentire
670 2063 705 2120 et
722 2057 918 2121 defendere.
954 2057 1055 2130 Quod
1079 2058 1219 2138 quidem

163 2165 312 2227 agerem,
337 2147 365 2209 si
390 2147 521 2224 liceret,
546 2146 615 2209 alio
639 2147 752 2223 mode,
782 2165 821 2209 ao
845 2164 937 2208 nuno
962 2148 1136 2227 agendum
1159 2151 1219 2209 est.

250 2256 300 2316 De
324 2272 387 2315 sua
411 2252 567 2332 potentia
592 2252 761 2315 dimicant
788 2253 945 2315 homines
974 2253 1039 2316 hoc
1063 2259 1246 2333 tempores

162 2341 320 2422 periculo
349 2340 511 2402 civitatis.
562 2341 663 2418 Nam,
695 2341 725 2402 si
752 2359 810 2403 res
840 2341 981 2421 publica
1010 2340 1220 2418 defenditur,

164 2448 227 2491 our
251 2446 291 2490 ea
316 2427 457 2489 consule
480 2428 547 2490 isto
570 2428 647 2508 ipso
677 2428 819 2491 defensa
843 2447 913 2490 non
942 2430 1020 2491 est?
1057 2448 1119 2491 our
1143 2446 1219 2508 ego,

163 2518 200 2578 in
217 2516 316 2579 ouius
333 2532 437 2577 causa
453 2516 505 2577 rei
522 2516 684 2596 publicae
704 2516 798 2579 salus
813 2517 1034 2593 consistebat,
1058 2516 1221 2579 defensus

163 2610 305 2686 postero
335 2621 426 2665 anno
454 2621 523 2666 non
551 2606 652 2666 sum?
688 2623 750 2666 cur
778 2605 965 2684 imperium
992 2605 1045 2666 illi
1074 2609 1220 2666 auteur

162 2693 225 2755 illc
240 2693 345 2755 modo
361 2698 592 2772 prorogatum
608 2693 684 2755 est?
710 2711 772 2753 cur
788 2697 887 2754 tanto
904 2710 1010 2772 opere
1026 2696 1221 2772 pugnatum

164 2788 226 2859 est,
249 2788 288 2842 ut
312 2781 355 2843 de
385 2780 459 2842 eius
489 2781 643 2842 absentis
666 2780 805 2843 ratione
832 2781 994 2843 habenda
1019 2780 1138 2842 decem
1160 2779 1222 2841 tri·

163 2870 248 2932 buni
280 2870 325 2949 pl.
357 2867 516 2931 ferrent?
563 2868 629 2930 His
656 2867 717 2930 ille
744 2869 851 2931 rebus
879 2869 929 2929 ita
960 2867 1153 2945 convaluit,
1182 2873 1222 2929 ut

164 2975 256 3019 nuno
279 2957 317 3017 in
340 2975 410 3018 uno
427 2956 496 3018 0111
513 2974 592 3035 spes
608 2957 652 3018 ad
667 2956 902 3019 resistendum
918 2956 979 3033 sit;
1006 2957 1066 3036 qui
1083 2957 1222 3018 mallem

164 3050 281 3107 tantas
304 3043 335 3107 ei
360 3044 454 3106 vires
478 3062 548 3106 non
572 3044 733 3122 dedisset,
758 3062 862 3124 quam
886 3063 978 3107 nunc
1002 3050 1074 3107 tam
1090 3045 1222 3108 valenti

163 3133 352 3196 resisteret.
405 3131 486 3210 Sed,
518 3132 683 3211 quoniam
712 3150 770 3195 res
802 3151 843 3194 00
876 3133 1026 3196 deducta
1054 3137 1119 3210 est,
1151 3151 1249 3203 non5

165 3239 341 3300 quaeram,
364 3226 404 3282 ut
428 3220 569 3282 scribis:

387 3345 469 3407 ‘Hori
493 3340 622 3423 σκάφος
644 3341 685 3406 τὸ
708 3349 780 3407 τῶν
796 3335 968 3427 Ἀτρειδῶν
975 3346 1001 3420 ,·’

164 3468 249 3530 mihi
278 3464 404 3548 σκάφος
432 3485 541 3529 unum
568 3467 650 3545 0111,
684 3469 778 3547 quod
806 3487 825 3530 a
854 3467 1021 3547 Pompeio
1049 3465 1222 3546 guberna·

165 3556 270 3619 bitur.
316 3555 408 3617 Illud
437 3554 553 3635 ipsum
582 3555 676 3634 quod
706 3555 775 3617 ais:
812 3555 913 3628 ‘Quid
942 3554 1019 3633 fiet,
1048 3572 1126 3616 oum
1155 3553 1223 3616 erit

165 3644 313 3707 dictum:
354 3644 425 3720 Dic,
457 3644 500 3705 M.
534 3641 664 3706 Tvsmf'
701 3680 741 3688 -
776 3641 941 3723 σύντομαε
979 3641 1045 3704 ‘On
1081 3642 1222 3705 Ponemo

166 3731 348 3796 1001111011]
407 3731 527 3809 Ipsum
561 3737 678 3793 tamen
714 3730 917 3808 Pompeium
952 3729 1143 3809 separatim
1179 3729 1223 3786 ad

1084 3845 1117 3896 4*
