2742 4075
490 819 643 913 Eratos
671 817 803 912 Buch.

203 1135 274 1202 Von
300 1136 431 1203 Ciceros
456 1136 626 1202 Konsulat
649 1135 701 1202 bis
726 1154 800 1201 num
824 1134 1093 1219 Birgerkriege:

117 1240 363 1327 Verborum,
388 1240 460 1308 Zeit
483 1241 541 1308 les
568 1240 822 1322 Triumvirates‚
846 1239 1177 1306 Stattbaltersobalt.

483 1349 628 1430 (or-50
644 1370 683 1431 pv.
709 1349 813 1428 Chr).

374 1535 378 1540 -
475 1510 502 1569 1.
529 1509 588 1587 (aa
611 1508 692 1569 fam.
717 1509 755 1584 v,
781 1508 822 1585 1.)

192 1630 226 1694 Q.
247 1628 468 1684 METELLUS
489 1629 524 1693 Q.
544 1630 577 1685 E.
599 1629 737 1686 CELER
757 1627 927 1684 PROCOS.
949 1628 978 1683 S.
999 1628 1034 1681 D.
1055 1628 1094 1682 M.

456 1716 609 1772 TULLIO
631 1715 842 1773 CICERONI.

208 1824 243 1885 si
268 1824 374 1900 vales,
399 1824 487 1884 bene
512 1829 571 1884 est.
618 1823 869 1883 Existimarem
893 1839 958 1900 pro
982 1828 1104 1882 mutuo
1127 1822 1202 1882 in-1

117 1918 175 1973 ter
209 1930 272 1972 nos
306 1912 421 1971 animo
454 1916 488 1971 et
523 1928 589 1988 pro
617 1909 844 1970 reconciliata
877 1909 993 1987 gratia
1027 1927 1090 1969 nec
1120 1909 1177 1969 ab·

118 2005 254 2062 sentem
277 1998 432 2060 ludibrio
456 1997 589 2059 laesum
612 1996 657 2058 iri
681 2014 745 2058 nec
762 1997 938 2059 Metellum
961 1995 1109 2058 fratrem
1133 1998 1177 2060 ob

119 2088 251 2150 dictum
284 2087 398 2166 capite
434 2104 473 2147 ac
502 2085 655 2147 fortunis
685 2104 748 2164 per
780 2090 813 2146 te
848 2091 1090 2164 oppugnatum
1123 2086 1177 2146 iri.

119 2175 231 2246 Quem
255 2175 284 2234 si
308 2192 434 2254 parum
457 2174 571 2253 pudor
587 2173 698 2253 ipsius
715 2172 933 2250 defendebat,
957 2174 1107 2235 debebat
1122 2174 1179 2235 vel

118 2263 275 2324 familiae
300 2267 441 2324 nostrae
458 2262 612 2340 dignitas
629 2262 684 2322 vel
701 2279 816 2322 meum
832 2261 987 2322 studium
1012 2279 1096 2340 erga
1116 2280 1179 2323 vos

119 2369 265 2429 remque
289 2349 466 2428 publicam
490 2349 576 2411 satis
600 2349 794 2411 sublevare.
830 2349 928 2410 Nune
953 2349 1056 2410 video
1080 2349 1180 2409 illum

121 2439 414 2513 circumventum,
443 2455 496 2497 me
521 2438 710 2514 desertum,
741 2455 760 2497 a
785 2437 912 2515 quibus
936 2437 1077 2498 minime
1101 2454 1179 2497 con·

122 2525 295 2587 veniebat.
330 2525 454 2603 Itaque
479 2524 515 2585 in
538 2525 635 2585 luctu
660 2530 693 2585 et
718 2524 881 2603 squalore
906 2543 990 2601 sum,
1017 2525 1077 2603 qui
1101 2533 1208 2607 pro-2

121 2613 269 2689 vinciae,
287 2612 346 2691 qui
364 2612 533 2673 exercitui
551 2627 724 2690 praesum,
740 2612 799 2690 qui
816 2612 946 2672 bellum
961 2630 1054 2690 gero.
1085 2612 1181 2684 Quae

123 2701 289 2779 quoniam
320 2718 382 2761 nec
415 2700 552 2761 ratione
584 2718 647 2762 nec
678 2700 851 2761 maiorum
883 2704 1084 2760 nostrorum
1116 2701 1181 2761 cle-

121 2788 253 2850 mentia
290 2787 576 2865 administrastiS,
609 2805 678 2848 non
714 2787 781 2848 erit
812 2788 1025 2863 mirandum,
1059 2788 1089 2848 si
1119 2805 1183 2849 vos

122 2876 324 2956 paenitebit.
359 2876 493 2937 Totam
518 2876 640 2936 mobili
656 2875 693 2936 in
717 2890 771 2935 me
788 2893 951 2954 meosque
976 2894 1049 2937 esse
1066 2876 1182 2937 animo

124 2982 194 3024 non
219 2964 411 3042 sperabam.
451 2964 505 3024 Me
528 2964 663 3024 interea
681 2980 745 3023 nec
770 2963 979 3024 domesticus
1003 2964 1103 3024 dolor
1120 2982 1183 3026 nec

124 3051 331 3130 cuiusquam
354 3051 484 3111 iniurIa
510 3051 553 3111 ab
578 3069 672 3128 rep.
698 3050 855 3111 abducet.

481 3245 509 3304 2.
536 3243 594 3321 (ad
618 3242 699 3303 fam.
725 3244 762 3319 V,
787 3244 830 3321 2.)

195 3362 433 3418 MTULLIUS
455 3363 494 3417 Μ.
515 3363 548 3417 F.
570 3362 725 3419 CICERO
746 3364 781 3428 Q.
802 3364 999 3421 METELLO
1020 3365 1055 3430 Q.
1076 3366 1109 3421 F.

431 3451 587 3507 CELERI
607 3451 779 3509 PROCOS.
800 3452 830 3507 S.
851 3453 886 3507 D.

215 3559 251 3621 Si
268 3565 306 3619 tu
323 3559 568 3637 exercitusque
585 3559 719 3636 valetis
736 3560 824 3621 bene
837 3564 897 3620 est.
922 3559 1054 3621 Scribis
1071 3563 1115 3622 ad
1130 3568 1211 3622 mel

127 3649 170 3710 ‘te
200 3647 417 3709 existimasse
446 3665 511 3727 pro
541 3652 662 3707 mutuo
695 3647 788 3707 inter
817 3665 880 3707 nos
914 3647 1029 3707 animo
1057 3652 1091 3707 et
1119 3665 1185 3724 pro

126 3734 353 3797 reconciliata
377 3735 493 3814 gratia
511 3751 702 3811 numquam
718 3738 752 3793 te
777 3750 866 3793 ame
882 3732 1036 3792 ludibrio
1053 3733 1186 3792 laesum

180 3854 294 3905 Ausgew.
308 3851 388 3893 Briele
401 3851 497 3894 Ciceros
510 3862 557 3893 von
572 3850 700 3893 schlrmer.
1067 3853 1080 3899 1
