2742 4075
559 223 598 277 ad
617 222 691 277 fam.
711 223 735 291 I,
754 224 779 277 9.
1151 208 1192 269 35

136 383 283 446 futuros.
330 383 486 455 Quorum
515 382 627 461 iniqui
657 400 835 444 sermones
869 401 948 444 cum
977 383 1021 444 ad
1049 400 1103 443 me
1131 400 1193 461 per

137 472 294 533 homines
311 471 573 533 honestissimos
592 469 836 549 perferrentur
850 488 997 550 cumque
1008 470 1194 549 Pompeius
1255 521 1259 529 .

136 559 186 621 ita
200 560 444 636 contendisset,
455 564 494 619 ut
507 557 595 619 nihil
607 576 773 637 umquam
786 559 908 637 magis,
925 564 963 620 ut
976 576 1054 619 cum
1068 557 1194 619 Crasso

136 647 290 709 redirem
313 646 350 707 in
373 646 539 726 gratiam,
569 645 768 725 Caesarque
795 663 858 725 per
883 646 1019 708 litteras
1042 644 1194 707 maxima

138 753 174 796 se
198 735 357 796 molestia
381 752 424 796 ex
448 734 509 796 illa
539 734 760 795 contentione
791 732 958 795 affectum
986 734 1194 809 ostenderet,

138 822 246 884 habui
274 841 344 884 non
373 827 570 901 temporum
599 822 711 883 solum
733 820 906 883 rationem
934 839 1105 897 meorum,
1134 822 1195 882 sed

138 910 244 972 etiam
267 916 428 987 naturae,
458 909 690 988 Crassusque,
721 915 760 970 ut
788 909 889 987 quasi
913 914 1040 971 testata
1063 909 1195 987 populo

138 998 295 1059 Romano
319 1002 409 1059 esset
425 1003 546 1059 nostra
570 997 696 1075 gratia,
720 1015 867 1075 paenea
891 997 977 1059 meis
1000 997 1135 1058 laribus
1159 996 1195 1056 in

138 1085 359 1164 provinciam
375 1090 427 1147 est
444 1084 640 1163 profectus;
666 1103 756 1161 nam,
780 1103 859 1146 cum
874 1084 958 1146 mihi
974 1084 1197 1159 condixisset,

139 1173 278 1235 cenavit
309 1173 403 1252 apud
432 1190 486 1234 me
515 1172 551 1233 in
580 1172 647 1234 mei
676 1172 798 1251 generi
827 1171 1046 1251 Crassipedis
1075 1172 1196 1233 hortis.
1257 1253 1259 1256 v

139 1260 252 1332 Quam
276 1261 320 1322 ob
344 1279 419 1322 rem
443 1259 518 1322 eius
543 1278 693 1337 causam,
723 1261 817 1339 quod
840 1267 875 1321 te
899 1261 1024 1322 scribis
1049 1260 1196 1332 audisse,

138 1366 266 1427 magna
298 1348 394 1410 illius
426 1348 727 1410 commendatione
758 1354 954 1427 susceptam
987 1347 1126 1410 defendi
1160 1347 1196 1408 in

139 1442 271 1512 senatu,
296 1436 385 1498 sieut
408 1454 485 1497 11101
509 1435 599 1498 fides
623 1436 834 1515 postulabat.

228 1523 411 1602 Accepisti‚
441 1523 568 1603 quibus
591 1524 698 1585 rebus
728 1525 900 1585 adductus
925 1541 1097 1603 quamque
1121 1541 1195 1584 rem
1206 1538 1238 1590 21

139 1629 349 1690 causamque
378 1611 594 1673 defenderim
631 1612 761 1691 quique
789 1630 886 1673 meus
919 1612 956 1692 in
988 1630 1027 1673 re
1055 1611 1195 1690 publica

139 1700 185 1760 sit
216 1717 281 1778 1110
311 1717 387 1760 mea
420 1705 521 1777 parte
554 1700 767 1778 capessenda
797 1705 918 1761 status,
969 1700 1018 1761 De
1049 1718 1118 1778 quo
1147 1699 1195 1760 sic

140 1786 246 1849 velim
277 1791 425 1861 statuae,
456 1805 509 1848 me
538 1786 623 1848 haec
652 1787 774 1849 eadem
802 1805 987 1848 sensurum
1015 1786 1136 1863 fuisse,
1166 1787 1195 1847 si

140 1873 226 1934 mihi
255 1874 393 1952 integra
422 1874 538 1935 omnia
568 1892 607 1935 10
637 1874 749 1935 libera
778 1873 927 1935 fuissent
935 1894 942 1948 ;
981 1892 1060 1934 nam
1084 1892 1196 1953 neque

141 1961 370 2042 pugnandum
394 1961 590 2023 arbitrarer
614 1967 737 2023 contra
761 1966 878 2023 tantas
898 1979 981 2041 opes
1005 1980 1116 2041 neque
1141 1962 1196 2023 de-

140 2049 295 2127 lendum,
324 2049 460 2111 etiamsi
488 2049 525 2111 id
553 2048 634 2111 fieri
663 2056 795 2128 posset,
824 2068 1038 2112 summorum
1067 2050 1196 2111 civium

139 2137 377 2217 principatum
408 2155 521 2216 neque
553 2138 830 2216 permanendum
861 2138 897 2199 in
926 2157 995 2200 una
1025 2138 1195 2200 sententia

140 2225 320 2287 conversis
352 2226 459 2287 rebus
491 2244 530 2287 ac
563 2226 737 2288 bonorum
769 2226 1012 2288 voluntatibus
1043 2226 1196 2304 mutatis,

139 2313 200 2375 sed
231 2314 448 2392 temporibus
481 2313 748 2376 assentiendum.
805 2315 1002 2393 Numquam
1035 2314 1127 2376 enim
1160 2315 1196 2375 in

140 2401 402 2480 praestantibus
425 2401 462 2461 in
478 2419 517 2463 re
532 2401 674 2480 publica
698 2402 928 2481 gubernanda
945 2402 1033 2464 viris
1053 2402 1195 2463 laudata

140 2493 192 2550 est
216 2489 253 2549 111
276 2506 346 2549 una
370 2489 541 2550 sententia
565 2494 736 2568 perpetua
759 2490 972 2570 permansi0,
997 2490 1071 2567 sed,
1097 2495 1136 2551 ut
1159 2490 1196 2550 in

140 2576 342 2656 navigando
366 2576 565 2656 tempestati
590 2577 736 2656 obsequi
762 2577 848 2639 artis
872 2582 933 2653 est,
957 2578 1093 2639 etiamsi
1118 2595 1196 2656 por-

140 2669 214 2726 tum
242 2669 361 2725 tenere
389 2682 459 2725 non
490 2682 610 2743 queas,
640 2683 719 2726 cum
747 2683 833 2727 vero
861 2665 897 2727 id
927 2665 1039 2743 possis
1063 2670 1196 2725 mutata

140 2752 377 2813 velificatione
413 2752 565 2831 assequi,
598 2753 745 2814 stultum
778 2757 830 2815 est
858 2771 937 2815 eum
971 2758 1089 2813 tenere
1118 2769 1196 2812 cum

140 2839 297 2919 periculo
314 2857 463 2916 cursum,
484 2858 586 2918 quem
603 2841 770 2919 coeperis,
793 2840 911 2919 potius
929 2858 1032 2919 quam
1050 2857 1090 2901 eo
1107 2857 1196 2901 com-

140 2932 283 3004 mutato,
301 2945 370 3006 quo
386 2927 483 3004 velis,
507 2932 622 2990 tamen
639 2929 836 3007 pervenire,
858 2928 916 3005 sic,
941 2946 1019 2989 cum
1036 2928 1197 2990 omnibus

140 3014 242 3077 nobis
269 3015 306 3075 in
335 3015 613 3077 administranda
640 3034 680 3077 re
709 3015 850 3094 publica
879 3015 1099 3095 propositum
1122 3034 1197 3079 esse

141 3104 279 3179 debeat,
310 3102 347 3164 id
376 3103 469 3181 quod
499 3121 518 3164 a
546 3121 601 3165 me
630 3103 832 3182 saepissime
861 3104 992 3166 dictum
1021 3111 1085 3180 est,
1119 3122 1196 3165 cum

141 3190 312 3269 dignitate
336 3191 460 3267 otium,
488 3209 558 3252 non
581 3191 674 3253 idem
698 3209 834 3270 semper
859 3192 989 3268 dicere,
1020 3192 1196 3253 sedidem

140 3296 276 3358 semper
311 3283 470 3357 spectare
503 3278 676 3341 debemus.
734 3278 982 3357 Quamobrem,
1017 3285 1056 3341 ut
1091 3278 1195 3358 paulo

141 3366 359 3445 anteposui,
383 3366 412 3428 si
437 3371 551 3428 essent
574 3367 691 3429 omnia
715 3367 800 3429 mihi
825 3367 1050 3443 solutissima,
1079 3372 1194 3428 tamen

140 3454 177 3516 in
200 3472 239 3515 re
262 3454 403 3533 publiea
420 3472 490 3515 non
514 3453 603 3515 alius
620 3472 739 3531 essem,
764 3461 869 3534 atque
884 3473 975 3516 nunc
998 3473 1091 3529 sum,
1118 3471 1196 3515 oum

140 3559 226 3604 vero
249 3542 286 3603 111
309 3542 401 3604 hune
425 3559 564 3604 sensum
588 3547 622 3604 et
646 3542 782 3605 alliciar
811 3542 993 3605 beneficiis
1016 3542 1195 3604 hominum

140 3636 174 3692 et
199 3630 388 3709 compellar
411 3630 565 3708 iniuriis,
595 3629 700 3692 facile
723 3630 839 3710 patior
864 3648 904 3691 ea
927 3648 982 3690 me
1006 3630 1049 3692 de
1072 3649 1111 3691 re
1135 3648 1195 3709 pu-

140 3718 233 3780 blica
257 3718 387 3779 sentire
411 3736 451 3779 ac
475 3719 600 3796 dicere,
625 3736 715 3797 quae
739 3718 889 3779 maxime
910 3734 988 3777 cum
1011 3717 1097 3777 mihi
1121 3723 1195 3776 tum

1058 3835 1090 3887 3*
