2742 4075
541 214 580 268 ad
600 214 672 269 iam.
693 214 717 281 I,
736 217 761 269 9.
1142 199 1184 260 29

125 377 170 437 In
194 376 264 436 illis
282 381 397 436 autem
414 375 498 436 meis
519 374 715 436 actionibus
739 373 990 453 sententiisque
1015 373 1184 451 omnibus,

127 481 219 543 quae
244 462 447 541 Pompeium
472 462 684 524 videbantur
709 460 900 538 offendere,
926 467 1102 523 certorum
1126 462 1184 522 ho-

127 551 276 627 minum,
307 568 394 629 quos
417 550 488 611 iam
511 550 616 612 debes
640 549 827 628 suspicari,
857 566 1033 610 sermones
1056 549 1184 611 refere-

127 641 260 701 bantur
284 638 415 715 adme,
446 638 505 717 qui
530 655 608 698 cum
632 637 693 698 illa
718 637 888 698 sentirent
911 637 947 697 in
971 656 1010 698 re
1034 637 1185 716 publica,

127 745 220 806 quae
244 744 309 805 ego
334 726 495 805 agebam,
524 743 731 804 semperque
761 724 962 801 sensissent,
991 743 1045 786 me
1068 730 1185 786 tamen

128 833 201 876 non
221 814 305 875 satis
321 813 438 875 facere
454 813 620 892 Pompeio
638 812 892 891 Caesaremque
907 812 1185 874 inimicissimum

127 901 215 963 mibi
245 901 404 963 futurum
433 901 589 981 gaudere
621 918 657 962 se
688 901 836 962 aiebant.
890 901 977 961 Erat
1007 900 1072 961 hoc
1100 900 1185 961 mihi

128 989 331 1066 dolendum,
365 990 426 1050 sed
456 989 567 1050 multo
598 988 686 1049 illud
717 988 845 1067 magis,
881 988 974 1066 quod
1007 988 1186 1050 inimicum

128 1096 245 1139 meum
270 1078 398 1156 (meum
423 1077 561 1138 autem?
586 1076 692 1138 immo
708 1094 793 1137 vero
817 1076 942 1154 legum,
965 1075 1186 1152 iudiciorum,

128 1165 208 1242 otii,
237 1165 389 1244 patriae,
419 1166 589 1226 bonorum
613 1163 781 1242 omnium)
811 1163 860 1224 sic
886 1163 1186 1242 amplexabantur,

128 1254 181 1315 sic
205 1253 242 1314 in
265 1253 426 1314 manibus
450 1252 636 1327 habebant,
661 1251 710 1313 sic
734 1250 911 1327 fovebant,
936 1251 985 1312 sic
1009 1269 1063 1313 me
1087 1270 1186 1330 prae-

128 1347 228 1402 sente
252 1341 517 1417 osculabantur,
546 1358 616 1400 non
645 1339 697 1400 illi
722 1339 863 1418 quidem
887 1344 926 1400 ut
948 1338 1034 1399 mihi
1063 1345 1186 1401 stoma-

129 1430 234 1490 chum
258 1428 424 1505 facerent,
448 1446 551 1507 quem
568 1446 633 1506 ego
652 1427 812 1489 funditus
835 1426 984 1505 perdidi,
1008 1428 1069 1488 sed
1093 1432 1187 1488 certe

129 1522 170 1578 ut
186 1516 303 1578 facere
320 1535 356 1578 se
373 1516 641 1578 arbitrarentur.
673 1515 740 1576 Hic
757 1532 831 1593 ego,
848 1520 1019 1593 quantum
1035 1515 1187 1576 humano

129 1604 277 1666 consilio
301 1604 444 1666 efficere
467 1603 575 1683 potui,
600 1602 861 1681 circumspectis
884 1602 990 1664 rebus
1009 1603 1094 1663 meis
1119 1621 1187 1664 om·

130 1693 235 1754 nibus
251 1692 517 1770 rationibusque
532 1690 714 1753 subductis
731 1708 901 1751 summam
921 1689 988 1752 feci
1006 1690 1187 1770 cogitatio-

131 1798 215 1841 num
238 1798 395 1841 mearum
410 1779 580 1852 omnium3
607 1796 712 1856 quam
729 1778 803 1853 tibi,
827 1778 855 1837 si
875 1782 1007 1856 potero,
1031 1778 1187 1840 breviter

131 1885 314 1944 exponam.

221 1953 307 2032 Ego,
331 1952 360 2013 si
385 1952 428 2013 ab
452 1951 622 2030 improbis
647 1957 680 2012 et
704 1952 853 2031 perditis
873 1951 1009 2013 civibus
1029 1970 1103 2013 rem
1126 1971 1187 2030 pu·
1200 1964 1231 2015 11

132 2042 261 2103 blicam
290 2040 402 2103 teneri
425 2041 595 2117 viderem,
624 2040 714 2102 sicut
744 2046 777 2102 et
802 2040 943 2102 Cinneis
972 2040 1188 2120 temporibus

131 2130 260 2191 scimus
284 2136 318 2191 et
341 2128 519 2190 nonnullis
551 2128 629 2190 aliis
660 2128 837 2205 accidisse,
870 2147 939 2191 non
963 2129 1066 2191 modo
1089 2147 1187 2208 prae·

131 2216 220 2295 miis,
245 2236 333 2297 quae
351 2217 444 2296 apud
460 2235 514 2278 me
533 2216 715 2278 minimum
731 2217 859 2293 valent,
883 2217 944 2278 sed
963 2236 1006 2279 ne
1022 2217 1188 2296 periculis

131 2305 273 2385 quidem
291 2304 489 2384 compulsus
505 2304 595 2381 ullis,
612 2304 740 2383 quibus
755 2310 872 2366 tamen
884 2311 1070 2367 moventur
1083 2305 1188 2366 etiam

133 2392 317 2455 fortissimi
341 2392 421 2469 viri,
445 2393 489 2454 ad
513 2410 633 2453 eorum
650 2410 790 2453 causam
807 2410 861 2454 me
886 2393 1122 2472 adiungerem,
1146 2411 1188 2454 ne

133 2481 163 2541 si
193 2498 326 2541 summa
356 2479 496 2558 quidem
524 2497 645 2541 eorum
673 2480 710 2541 in
738 2498 792 2541 me
820 2481 945 2542 merita
979 2485 1188 2542 constarent.

134 2568 221 2630 Cum
253 2573 369 2630 autem
400 2567 437 2629 in
469 2585 508 2628 re
540 2567 681 2645 publica
715 2567 775 2629 Cn.
808 2568 993 2647 Pompeius
1026 2568 1189 2647 princeps

132 2663 224 2719 esset
248 2655 313 2732 vir,
336 2656 367 2717 is
391 2655 451 2734 qui
475 2655 565 2716 hanc
589 2655 783 2733 potentiam
797 2661 831 2717 et
854 2655 1005 2735 gloriam
1028 2655 1189 2716 maximis

133 2745 169 2805 in
196 2763 272 2807 rem
301 2743 478 2823 publicam
506 2743 641 2804 meritis
674 2744 1056 2822 praestantissimisque
1083 2742 1190 2804 rebus

133 2831 242 2911 gestis
270 2836 360 2893 essct
389 2836 595 2893 consecutus
631 2831 799 2910 cuiusque
832 2849 898 2910 ego
932 2830 1116 2910 dignitatis
1145 2831 1189 2892 ab

134 2918 371 2980 adulescentia
395 2918 530 2995 fautor,
558 2917 594 2979 in
618 2923 786 2997 praetura
811 2924 927 2981 autem
951 2924 985 2981 et
1008 2919 1045 2980 111
1069 2937 1189 2981 consu-

135 3007 209 3068 latu
231 3004 371 3067 adiutor
395 3006 500 3066 etiam
523 3006 730 3082 extitissem,
753 3024 900 3085 cumque
923 3007 1016 3069 idem
1041 3007 1190 3069 auctori·

134 3099 206 3157 tate
231 3098 265 3155 et
288 3093 460 3154 sententia
483 3112 546 3173 per
566 3112 611 3171 se,
635 3094 789 3155 consiliis
806 3100 840 3156 et
864 3095 990 3156 studiis
1006 3100 1121 3157 tecum
1136 3113 1190 3156 me

135 3180 328 3244 adiuvisset
351 3199 535 3259 meumque
557 3181 737 3243 inimicum
768 3201 876 3243 unum
903 3182 1107 3245 incivitate
1131 3183 1190 3244 ha·

134 3270 233 3332 beret
249 3268 438 3346 inimicum,
462 3287 532 3331 non
547 3269 671 3348 putavi
687 3269 818 3331 famam
833 3270 1089 3332 inconstantiae
1105 3269 1189 3330 mihi

135 3357 457 3437 pertimescendam,
481 3357 511 3418 si
536 3356 745 3436 quibusdam
768 3358 806 3420 in
829 3358 1011 3420 sententiis
1034 3356 1191 3436 paullum

134 3463 189 3507 me
213 3445 439 3507 inmutassem
461 3463 643 3523 meamque
663 3446 880 3508 voluntatem
905 3446 949 3508 ad
973 3445 1098 3507 summi
1121 3444 1190 3506 viri

135 3533 178 3595 de
202 3551 325 3611 meque
349 3533 479 3613 optime
502 3532 619 3595 meriti
644 3533 853 3612 dignitatem
877 3533 1133 3613 adgregassem.

223 3621 264 3681 In
280 3621 345 3682 hac
362 3621 534 3683 sententia
551 3621 834 3699 complectendus
850 3627 927 3683 erat
950 3619 1035 3681 mibi
1053 3619 1191 3695 Caesar,
1203 3628 1236 3678 12

135 3713 174 3769 ut
203 3707 314 3786 vides,
350 3708 387 3770 in
415 3709 601 3771 coniuncta
631 3713 665 3770 et
694 3725 799 3769 causa
828 3716 862 3771 et
892 3707 1072 3786 dignitate.
1124 3706 1191 3766 Hic
