2742 4075
443 162 483 216 aa
501 162 563 217 An.
583 161 636 230 1x,
656 162 717 217 cl.
738 162 815 217 11A.
835 163 877 219 1a
1153 148 1194 210 59

130 321 278 401 Aliquot
307 321 401 382 enim
430 326 511 383 sunt
543 321 640 398 anni,
668 339 748 382 cum
771 340 834 384 vos
858 323 928 384 duo
952 322 1079 401 delegi,
1108 341 1195 401 quos

129 409 323 489 praecipue
348 410 499 471 colerem
524 414 557 470 et
582 409 710 488 quibus
733 427 856 486 essem,
885 409 975 471 sicut
999 428 1088 486 sum,
1113 411 1194 471 ami-

129 497 302 559 cissimus.
356 496 592 568 Quamobrem
624 515 643 558 a
674 502 708 559 te
736 503 819 577 peto
849 498 907 560 vel
938 497 1055 576 potius
1087 497 1221 560 omni-3

130 585 198 647 bus
223 590 260 647 te
283 585 449 664 precibus
473 603 536 647 oro
560 590 595 646 et
619 586 786 662 obtestor,
817 585 916 646 utin
940 585 1010 647 tuis
1034 585 1194 646 maximis

130 673 228 734 curis
253 673 389 751 aliquid
406 672 589 751 impertias
612 673 781 752 temporis
796 673 877 736 huic
902 691 1041 752 quoque
1064 673 1193 751 cogita-

131 761 230 838 tioni,
256 765 296 821 ut
312 766 373 822 tuo
390 759 564 822 beneficio
581 761 694 822 bonus
710 760 776 838 vir,
792 766 924 839 gratus,
948 761 1028 840 pius
1045 761 1194 839 denique

130 867 207 910 esse
235 849 273 909 in
302 848 447 910 maximi
475 847 640 910 beneficii
663 849 831 910 memoria
860 848 998 928 possim.
1045 847 1141 919 Quae
1164 849 1193 909 si

131 941 272 998 tantum
296 937 341 998 ad
365 954 420 997 me
444 936 559 1015 ipsum
583 936 810 1015 pertinerent,
837 954 1015 1015 sperarem
1038 955 1093 998 me
1117 955 1136 997 a
1160 941 1194 999 te

131 1031 250 1086 tamen
279 1025 566 1104 impetraturum,
595 1024 669 1099 sed,
698 1030 737 1085 ut
766 1024 931 1100 arbitror,
960 1029 994 1086 et
1024 1025 1067 1086 ad
1098 1029 1194 1085 tuam

131 1111 241 1175 iidem
266 1119 301 1174 et
330 1112 375 1173 ad
403 1129 478 1173 rem
508 1111 684 1191 publicam
714 1112 867 1191 pertinet
895 1131 950 1173 me
978 1117 1012 1174 et
1039 1111 1136 1191 pacis
1160 1117 1194 1173 et

131 1200 319 1279 utriusque
332 1204 491 1262 vestrum
504 1200 653 1260 amicum
670 1205 704 1261 et
721 1201 765 1262 ad
782 1205 936 1262 vestram
953 1205 987 1262 et
1004 1201 1047 1262 ad
1064 1199 1194 1261 civium

131 1288 360 1351 concordiam
384 1306 448 1368 per
472 1293 506 1349 te
523 1306 628 1366 quam
644 1288 1041 1350 accommodatissimum
1057 1305 1193 1350 conser-

132 1376 220 1438 vari.
251 1376 338 1455 Ego,
362 1394 442 1437 cum
458 1382 560 1437 autea
576 1375 641 1437 tibi
658 1376 701 1437 de
718 1376 866 1438 Lentulo
885 1375 1020 1455 gratias
1037 1376 1193 1454 egissem,

131 1483 211 1526 cum
237 1464 269 1526 ei
294 1464 417 1541 saluti,
442 1463 502 1543 qui
525 1463 610 1525 mihi
634 1463 768 1541 iuerat,
791 1463 930 1540 luisses,
955 1469 1071 1525 tamen
1094 1464 1193 1525 lectis

132 1552 209 1614 eius
238 1552 381 1629 litteris,
412 1569 499 1630 quas
528 1552 573 1613 ad
600 1571 654 1614 me
682 1552 884 1631 gratissimo
914 1552 1029 1613 animo
1062 1552 1104 1613 de
1133 1556 1193 1614 tua

131 1640 349 1703 liberalitate
380 1639 624 1719 beneficioque
648 1640 759 1716 misit,
791 1640 936 1727 eandem
960 1639 1045 1700 mihi
1070 1639 1193 1701 videor

132 1729 284 1790 salutem
316 1746 335 1789 a
364 1734 398 1789 te
429 1727 603 1807 accepisse
632 1746 737 1807 quam
765 1727 832 1789 ille.
883 1728 925 1788 In
954 1745 1056 1806 quem
1086 1728 1115 1788 si
1140 1745 1193 1789 me

131 1815 417 1897 intellegisesse
447 1821 602 1895 gratum,
633 1833 732 1892 cura,
763 1815 923 1890 obsecre,
954 1820 993 1875 ut
1023 1814 1128 1875 etiam
1156 1815 1193 1875 in

132 1904 341 1983 Pompeium
365 1922 439 1966 esse
463 1904 603 1981 possim.

465 2098 514 2160 aa.
540 2097 599 2177 (aa
625 2096 863 2175 Att.1X‚18.)

452 2219 606 2276 CICERO
625 2218 778 2274 ATTICO
800 2218 882 2273 SAL.

225 2346 420 2424 Utrumque
452 2364 494 2407 ex
525 2350 586 2407 tuo
615 2345 777 2420 consilio;
812 2363 892 2406 nam
922 2350 956 2406 et
984 2344 1098 2406 oratio
1126 2342 1219 2405 fuitl

133 2453 176 2496 ea
200 2438 337 2511 nostra,
366 2438 405 2494 ut
434 2433 522 2495 bene
550 2433 668 2512 potius
697 2432 756 2494 ille
781 2433 823 2494 de
852 2425 953 2495 nobis
977 2432 1194 2494 existimaret

134 2540 243 2601 quam
258 2521 393 2600 gratias
410 2526 539 2599 ageret,
562 2526 596 2582 et
613 2521 706 2582 ineo
723 2520 921 2597 mansimus,
941 2539 984 2583 ne
1002 2520 1045 2581 ad
1062 2520 1193 2581 urbem.

132 2610 201 2671 Illa
225 2608 437 2686 fefellerunt,
460 2608 599 2670 facilem
624 2609 719 2687 quod
741 2613 955 2687 putaremus.
1002 2608 1096 2668 Nihil
1120 2607 1194 2668 vidi

133 2698 259 2759 minus.
315 2698 482 2759 Damnari
514 2715 550 2759 se
584 2702 704 2758 nostro
737 2696 880 2773 iudicio,
912 2696 1086 2757 tardiores
1117 2693 1193 2755 fore

134 2786 305 2864 reliquos,
335 2785 364 2846 si
393 2804 457 2847 nos
484 2804 554 2846 non
582 2785 795 2862 veniremus,
824 2784 948 2846 dicere.
995 2784 1071 2862 Ego
1096 2782 1193 2844 dissi·

134 2874 254 2936 milem
277 2873 419 2935 illorum
442 2892 516 2935 esse
541 2890 690 2934 causam.
730 2871 817 2934 Cum
834 2872 952 2949 multa,
970 2872 1066 2933 ‘Veni
1083 2870 1193 2950 igitur

135 2967 170 3024 et
195 2980 260 3040 age
285 2962 327 3023 de
351 2960 453 3040 pace?
501 2960 649 3037 ‘Meone',
677 2960 835 3040 inquam,
863 2960 1084 3022 ‘arbitratui’
1130 2960 1193 3021 ‘An

135 3050 221 3126 tibi’,
245 3050 369 3129 inquit,
394 3050 469 3128 ‘ego
485 3048 760 3128 praescribam?
796 3048 880 3124 ³Sic',
904 3048 1057 3128 inquam,
1073 3049 1194 3128 agam,

135 3138 273 3200 senatui
302 3155 372 3198 non
401 3137 540 3216 placere
568 3137 605 3199 in
634 3137 824 3216 Hispanias
852 3137 898 3198 iri
927 3155 990 3199 nec
1020 3137 1194 3199 exercitus

136 3225 172 3287 in
204 3225 390 3287 Graeciam
424 3225 675 3305 transportari,
713 3226 916 3305 multaque’,
951 3226 1108 3305 inquam,
1141 3225 1194 3286 ‘de

137 3314 256 3376 Gnaeo
273 3312 484 3393 deplorabo’
515 3314 602 3375 Tum
618 3313 694 3375 ille:
720 3314 805 3393 ‘Ego
822 3332 908 3376 vero
924 3314 991 3375 ista
1009 3313 1078 3375 dici
1094 3310 1194 3374 nolo'

137 3402 200 3464 ‘Ita
224 3402 411 3481 putabam⁷‚
434 3402 594 3481 inquam;
620 3402 691 3464 ‘sed
707 3421 772 3481 ego
792 3421 833 3464 eo
849 3402 930 3464 nolo
948 3403 1077 3479 adesse,
1101 3402 1194 3480 quod

138 3495 198 3552 aut
215 3490 264 3551 sic
279 3489 365 3551 mihi
386 3490 572 3552 dicendum
591 3495 643 3552 est
658 3492 848 3571 multaque,
872 3508 961 3570 quae
978 3490 1075 3551 nullo
1090 3489 1194 3552 modo

136 3596 274 3657 possem
291 3578 403 3655 silere,
420 3578 449 3639 si
464 3579 629 3654 adessem,
642 3583 703 3639 aut
718 3598 788 3641 nou
800 3579 1029 3641 veniendum!
1053 3577 1193 3640 Summa

136 3666 214 3740 fuit,
237 3671 276 3727 ut
299 3666 359 3728 ille
384 3667 484 3745 quasi
508 3666 640 3728 exitum
665 3685 847 3745 quaerens,
871 3668 919 3727 ‘ut
943 3664 1193 3729 deliberarem)
