2742 4075
307 191 310 196 ’
376 214 643 282 1111111111.
670 216 706 283 x,
727 218 768 270 14.
787 218 829 271 35.
859 216 930 284 xn,
951 218 992 271 10.
1171 203 1211 263 97

149 374 315 436 hostibus
338 374 427 435 fusis
449 393 529 454 spes
553 375 665 436 omnis
689 375 801 436 estin
824 379 874 450 te;
900 375 1033 455 fugisse
1053 375 1145 438 enim
1169 396 1211 437 ex

149 462 290 541 proelio
306 463 495 524 Mutinensi
512 463 677 524 dicuntur
698 463 870 525 notissimi
887 464 1064 525 latronum
1088 464 1209 540 duces;

150 555 205 610 est
229 557 348 611 autem
370 569 441 611 non
465 551 580 612 minus
607 556 749 629 gratum
777 557 933 613 extrema
963 552 1078 613 delere
1108 570 1212 631 quam

151 638 268 716 prima
302 638 486 717 depellere.
546 639 719 717 Equidem
751 640 995 718 exspectabam
1029 640 1099 700 iam
1133 645 1241 703 tussa

151 726 300 802 litteras,
324 726 430 804 idque
455 745 533 787 cum
557 727 685 804 multis,
710 728 964 806 sperabamque
988 728 1094 789 etiam
1114 728 1212 807 Lepi-

152 814 239 874 dum
260 814 313 874 rei
338 833 369 893 p.
386 815 604 894 temporibus
621 815 839 876 admonitum
854 821 968 876 tecum
992 834 1011 877 e
1026 834 1066 877 re
1090 835 1121 895 p.
1138 834 1212 878 esse

152 901 340 963 iacturum.
375 902 416 963 In
432 902 530 963 illam
553 903 664 981 igitur
681 921 801 964 curam
818 903 988 980 incumbe,
1012 904 1059 964 mi
1076 904 1212 980 Plance,

151 995 195 1050 ut
211 1008 255 1051 ne
272 1008 361 1069 quae
378 990 530 1052 scintilla
547 990 742 1052 taeterrimi
758 991 841 1053 belli
856 991 1087 1070 relinquatur.
1112 991 1213 1064 Quod

150 1077 181 1137 si
209 1077 277 1145 erit
301 1077 442 1154 iactum,
467 1082 500 1139 et
523 1096 598 1139 rem
622 1079 799 1158 publicam
823 1079 943 1141 divino
967 1079 1139 1141 beneficio
1164 1079 1214 1140 af·

149 1164 281 1226 feceris
305 1172 339 1227 et
362 1166 437 1245 ipse
462 1172 640 1227 aeternam
668 1166 817 1244 gloriam
848 1185 1068 1246 consequere.
1115 1169 1153 1229 D.
1177 1184 1213 1229 111

150 1253 241 1314 Non.
266 1254 344 1314 Mai.

490 1430 540 1491 60.
566 1431 625 1510 (ad
648 1430 729 1491 fam.
753 1432 791 1506 X,
816 1431 881 1508 35.)

151 1552 197 1604 M.
218 1550 395 1605 LEPIDUS
416 1551 501 1606 ΙΜΡ.
521 1551 621 1606 ITER
642 1551 759 1607 PONT.
780 1553 875 1607 MAX.
896 1553 926 1608 S.
947 1554 981 1608 D.
1002 1554 1064 1609 PR.
1076 1554 1138 1608 ΤΒ.
1154 1554 1213 1609 PL.

271 1653 450 1711 SENATUI
471 1656 634 1712 POPULO
656 1657 866 1720 PLEBIQUE
888 1657 1096 1713 ROMANAE.

245 1780 276 1841 S.
301 1799 332 1841 v.
357 1780 530 1860 liberique
554 1783 663 1843 vestri
689 1802 720 1843 v.
745 1782 775 1843 b.
802 1801 828 1844 e.
853 1801 880 1844 e.
905 1802 935 1861 q.
960 1802 991 1844 v.
1037 1783 1127 1844 Deos
1156 1783 1240 1847 hol

152 1868 337 1947 minesque
353 1875 472 1946 testor,
488 1889 520 1948 p.
538 1888 574 1946 0.,
594 1888 662 1948 qua
680 1875 794 1931 mente
810 1876 845 1931 et
860 1889 929 1948 quo
947 1871 1062 1932 animo
1078 1888 1214 1950 semper

152 1957 194 2016 in
218 1974 292 2017 rem
317 1975 348 2035 p.
372 1956 501 2019 fuerim
525 1963 559 2019 et
584 1976 689 2037 quam
717 1956 805 2017 nihil
834 1957 1012 2038 antiquius
1041 1959 1214 2019 communi

154 2044 273 2106 salute
297 2063 337 2106 ac
360 2045 524 2108 libertate
547 2046 734 2108 iudicarim
742 2067 750 2121 ;
777 2046 870 2126 quod
886 2046 987 2108 vobis
1010 2046 1112 2108 brevi
1136 2066 1214 2127 pro-

154 2135 304 2209 bassem,
329 2134 396 2195 nisi
420 2135 505 2195 mihi
521 2134 665 2196 fortuna
689 2134 874 2215 proprium
894 2134 1077 2196 consilium
1101 2142 1215 2197 extor-

155 2221 269 2282 sisset.
316 2222 403 2283 Nam
427 2223 602 2284 exercitus
630 2230 776 2285 cunctus
807 2223 1094 2285 consuetudinem
1117 2242 1215 2286 suam

154 2310 196 2370 in
219 2309 357 2371 civibus
386 2311 637 2372 conservandis
665 2311 909 2390 communique
932 2330 1018 2391 pace
1046 2312 1215 2374 seditione

155 2397 252 2458 facta
276 2398 423 2460 retinuit
446 2417 570 2478 meque
593 2404 713 2461 tantae
737 2399 972 2461 multitudinis
997 2400 1126 2461 civium
1151 2401 1216 2481 Ro-

155 2503 343 2546 manorum
357 2486 480 2547 salutis
494 2492 598 2565 atque
613 2486 864 2548 incolumitatis
877 2505 1017 2549 causam
1030 2488 1216 2566 suscipere,

157 2577 307 2635 uivere
331 2573 453 2649 dicam,
477 2574 600 2653 coegit.
639 2575 680 2635 In
705 2593 773 2654 qua
796 2593 836 2637 re
852 2594 917 2654 ego
941 2593 1013 2653 voS,
1037 2594 1067 2654 p.
1093 2593 1129 2651 0.,
1153 2589 1243 2640 oros

157 2666 264 2740 atque
289 2661 443 2739 obsecre,
467 2668 505 2724 ut
529 2662 680 2741 privatis
695 2662 950 2724 offensionibus
967 2662 1103 2724 omissis
1127 2681 1215 2723 sum-

157 2767 236 2811 mae
267 2749 319 2810 rei
352 2768 384 2828 p.
413 2750 604 2812 consulatis
634 2768 722 2812 neve
752 2751 1029 2812 misericordiam
1060 2755 1217 2812 nostram

158 2837 406 2916 exercitusque
429 2839 540 2900 nostri
565 2838 602 2899 in
626 2838 722 2901 civili
740 2838 955 2900 dissensione
975 2838 1116 2900 sceleris
1139 2838 1216 2900 loco

159 2925 309 3004 ponatis.
343 2925 444 2997 Quod
468 2926 497 2987 si
522 2926 645 2988 salutis
661 2926 815 2988 omnium
840 2945 880 2988 ac
904 2926 1087 3005 dignitatis
1110 2926 1216 2988 ratio-

159 3032 238 3075 nem
262 3013 467 3089 habueritis,
494 3014 618 3076 melius
642 3020 676 3076 et
700 3014 801 3076 vobis
825 3020 859 3076 et
886 3015 939 3076 rei
963 3033 994 3093 p.
1019 3015 1216 3077 consuletis.
1272 3091 1275 3094 Ι

159 3101 198 3163 D.
221 3118 258 3163 111
283 3101 356 3163 Kal.
380 3102 454 3163 Iun.
479 3120 499 3163 a
523 3101 632 3164 Ponte
657 3103 841 3181 Argenteo.

473 3295 523 3356 61.
549 3295 608 3372 (ad
632 3294 712 3356 iam.
736 3295 810 3371 XII,
836 3295 899 3373 10.)

504 3414 658 3471 CICERO
680 3415 824 3471 CASSIO
845 3416 875 3471 S.

250 3542 416 3621 Lepidus,
448 3522 529 3603 tuus
566 3541 709 3619 adfiniS,
745 3561 842 3604 meus
869 3541 1071 3617 familiaris,
1098 3560 1150 3621 pr.
1179 3541 1242 3605 K.1

161 3630 355 3702 Quinctiles
371 3630 553 3692 sententiis
569 3630 731 3692 omnibus
747 3630 890 3692 hostisa
907 3635 1030 3691 senatu
1043 3630 1218 3691 iudicatus

161 3724 214 3780 est
238 3718 428 3798 ceterique,
457 3719 517 3797 qui
545 3736 615 3780 uns
639 3736 717 3779 cum
741 3718 802 3778 illo
828 3736 846 3778 a
871 3735 909 3778 re
938 3735 969 3795 p.
994 3716 1215 3789 defecerunt;

216 3839 328 3889 mugen.
342 3836 422 3879 Brlefc
436 3835 531 3880 Ciceros
545 3847 592 3879 von
607 3836 735 3879 Schirmcr.
1096 3840 1111 3888 7
