2742 4075
548 185 588 240 ad
606 184 679 240 fam.
700 185 753 254 XI,
773 189 798 241 5.

481 345 531 407 53.
557 346 616 424 (ad
639 345 720 407 fam.
745 345 801 422 XI,
826 346 868 424 5.)

226 483 265 538 M.
287 482 440 539 CICERO
462 483 491 538 S.
512 484 547 538 Ι).
568 484 602 538 D.
623 483 761 539 BRUTO
781 483 865 538 IMP.
887 481 971 538 COS.
993 481 1127 538 DESIG.

234 607 361 686 Lupus,
385 606 571 669 familiaris
592 615 721 685 noster,
745 626 859 669 cuma
884 613 917 669 te
935 607 1086 668 venisset
1110 620 1228 671 cum-1

141 712 213 773 que
229 696 359 756 Romae
375 696 544 774 quosdam
562 696 635 757 dies
655 700 940 771 commoraretur,
965 712 1030 774 ego
1054 713 1150 756 eram
1165 695 1202 756 in

140 782 189 843 iis
213 782 306 859 lociS,
329 782 366 844 in
391 783 517 862 quibus
541 784 691 845 maxime
715 788 791 844 tuto
814 802 869 845 me
892 801 966 845 esse
991 782 1201 844 arbitrabar.

142 871 199 931 Eo
222 869 352 931 factum
376 875 437 947 est,
461 877 500 931 ut
524 872 568 933 ad
592 878 626 933 te
650 872 769 950 Lupus
793 871 867 932 sine
890 871 976 932 meis
999 870 1127 932 litteris
1149 889 1201 933 re-

144 957 252 1034 diret,
281 975 359 1018 cum
387 966 504 1020 tamen
531 966 688 1021 curasset
716 965 795 1020 tuas
819 959 864 1020 ad
887 977 941 1020 me
964 958 1201 1037 perferendas

143 1046 290 1107 Romam
314 1052 430 1107 autem
453 1046 534 1107 veni
559 1065 586 1108 a.
605 1047 635 1108 d.
652 1064 670 1107 v
688 1047 772 1108 Idus
787 1047 865 1108 Dec.
890 1065 952 1108 nec
977 1045 1083 1107 habui
1108 1047 1202 1124 quic-

143 1151 251 1212 quam
271 1134 458 1213 antiquius,
483 1152 588 1212 quam
604 1140 642 1195 ut
659 1135 809 1196 Pansam
826 1134 943 1196 statim
961 1133 1199 1209 convenirem;

141 1239 188 1282 ex
219 1239 288 1299 quo
319 1239 359 1283 ea
391 1221 433 1283 dc
463 1228 497 1283 te
528 1222 691 1301 cognovi,
725 1240 814 1302 quae
845 1222 996 1284 maxime
1026 1221 1201 1300 optabam.

141 1307 261 1379 Quare
285 1308 485 1371 hortatione
509 1315 547 1370 tu
572 1310 713 1388 quidem
736 1329 806 1372 non
830 1329 923 1389 eges,
952 1310 981 1370 si
1005 1327 1048 1370 ne
1076 1309 1113 1368 in
1141 1309 1202 1370 illa

143 1396 286 1474 quidem
309 1415 357 1473 re,
382 1415 507 1475 quaea
532 1402 566 1459 te
582 1404 680 1476 gesta
705 1403 757 1459 est
773 1403 852 1477 post
875 1397 1053 1459 hominum
1077 1415 1202 1458 memo·

141 1484 235 1544 riam
265 1485 431 1561 maxima,
463 1484 679 1546 hortatorem
712 1485 918 1547 desiderasti
927 1506 935 1560 ;
969 1485 1057 1546 illud
1086 1490 1230 1549 tamen2

141 1571 302 1632 breviter
331 1572 603 1651 significandum
631 1573 782 1649 videtur,
812 1573 980 1653 populum
1010 1573 1203 1634 Romanum

142 1659 262 1721 omnia
287 1678 306 1721 a
330 1666 364 1721 te
388 1666 592 1740 exspectare
614 1667 718 1740 atque
742 1662 779 1722 in
803 1667 836 1722 te
859 1661 1048 1738 aliquando
1072 1660 1202 1740 recipe·

140 1747 278 1808 randae
302 1747 476 1810 libertatis
505 1767 640 1811 omnem
670 1767 767 1827 spem
797 1767 935 1827 ponere.
982 1749 1047 1824 Tu,
1075 1748 1103 1809 si
1129 1748 1203 1810 dies

142 1841 334 1914 noctesque
350 1837 558 1913 memineris,
583 1837 676 1915 quod
693 1842 727 1897 te
743 1835 860 1898 facere
877 1840 973 1897 certo
990 1835 1070 1911 scio,
1095 1853 1202 1913 quan-

142 1930 218 1983 tam
240 1941 315 1984 rem
336 1924 502 2002 gesseris,
527 1943 596 1984 non
619 1924 828 1985 obliviscere
851 1922 1024 2003 profecto,
1050 1928 1202 2001 quantae

142 2010 210 2072 tibi
235 2011 341 2073 etiam
363 2030 455 2074 nunc
479 2012 654 2091 gerendae
678 2011 756 2073 sint.
796 2010 831 2073 Si
856 2010 947 2073 enim
971 2010 1037 2072 iste
1061 2009 1202 2090 provin·

143 2099 236 2160 ciam
259 2107 382 2161 nactus
405 2100 482 2177 erit,
506 2101 562 2162 cui
587 2100 727 2179 quidem
744 2118 809 2178 ego
833 2118 969 2178 semper
994 2099 1125 2160 amicus
1141 2098 1203 2175 fui,

144 2194 333 2266 antequam
358 2187 457 2249 illum
472 2188 630 2250 intellexi
654 2206 724 2249 non
740 2188 843 2270 modo
867 2193 997 2266 aperte,
1021 2187 1203 2249 sedetiam

143 2275 296 2336 libenter
330 2293 408 2336 cum
438 2295 476 2337 re
507 2295 538 2355 p.
569 2276 700 2337 bellum
732 2294 869 2354 gerere,
902 2294 998 2355 spem
1030 2275 1203 2353 reliquam

143 2363 278 2423 nullam
302 2363 405 2425 video
429 2363 561 2426 salutis.
600 2363 834 2434 Quamobrem
852 2368 886 2424 te
910 2363 1056 2425 obsecro
1079 2362 1230 2430 iisdem3

143 2450 310 2529 precibus
334 2451 461 2529 quibus
486 2457 627 2513 senatus
650 2451 870 2530 populusque
895 2451 1080 2526 Romanus,
1105 2450 1203 2510 utin

143 2544 354 2617 perpetuum
378 2557 452 2600 rem
476 2558 507 2618 p.
532 2539 713 2601 dominatu
740 2538 840 2617 regio
867 2538 1011 2614 liberes,
1042 2542 1081 2598 ut
1109 2538 1202 2616 prin-

142 2625 248 2705 cipiis
272 2627 490 2688 consentiant
514 2627 636 2688 exitus.
676 2628 788 2688 Tuum
807 2632 859 2688 est
882 2626 947 2687 hoc
964 2642 1098 2700 munus,
1122 2630 1203 2685 tuae

144 2720 275 2793 partes,
300 2732 318 2775 a
343 2721 377 2775 te
401 2715 465 2776 hoc
490 2715 615 2776 civitas
640 2715 696 2775 vel
713 2732 832 2775 omnes
855 2714 972 2793 potius
995 2717 1116 2791 gentes
1133 2729 1203 2773 non

143 2807 350 2880 exspectant
374 2803 499 2878 solum,
528 2804 589 2864 sed
613 2803 719 2863 etiam
742 2801 929 2881 postulant.
976 2800 1203 2878 Quamquam,

142 2906 225 2950 cum
249 2889 448 2951 hortatione
471 2909 541 2951 non
557 2908 670 2969 egeas
693 2896 731 2950 ut
748 2907 855 2969 supra
872 2888 1006 2967 scripsi,
1029 2905 1099 2948 non
1123 2893 1203 2948 utar

143 2994 186 3038 ea
211 2977 373 3055 pluribus
396 2978 524 3054 verbis,
547 2977 675 3039 faciam
698 2977 795 3053 illud,
825 2978 918 3056 quod
942 2994 1056 3037 meum
1080 2981 1141 3052 est,
1165 2980 1204 3036 ut

144 3064 211 3126 tibi
245 3065 360 3126 omnia
391 3083 467 3126 mea
498 3064 633 3142 officia,
663 3065 793 3141 studia,
824 3082 941 3140 curas,
973 3063 1204 3143 cogitationes

144 3152 329 3231 pollicear,
360 3170 449 3231 quae
474 3154 518 3214 ad
541 3159 638 3214 tuam
660 3153 799 3215 laudem
823 3158 857 3213 et
881 3151 1031 3231 gloriam
1054 3151 1203 3230 pertine·

145 3240 243 3302 bunt.
277 3239 511 3310 Quamobrem
528 3241 633 3303 velim
656 3240 721 3303 tibi
746 3241 795 3302 ita
811 3241 1033 3319 persuadeas,
1056 3257 1110 3299 me
1126 3256 1204 3299 cum

143 3327 198 3390 rei
222 3346 254 3406 p,
271 3345 386 3405 causa,
411 3346 500 3407 quae
517 3328 601 3388 mihi
618 3328 692 3389 vita
709 3346 785 3390 mea
801 3334 853 3390 est
870 3328 995 3404 carior,
1019 3333 1093 3388 tum
1110 3325 1203 3404 quod

144 3415 303 3494 tibiipsi
327 3415 466 3477 faveam
490 3422 656 3495 tuamque
680 3416 888 3494 dignitatem
913 3413 1123 3494 amplificari
1147 3430 1204 3473 ve·

145 3503 217 3580 lim,
242 3503 311 3564 tuis
336 3503 477 3582 optimis
502 3503 666 3579 consiliis,
691 3503 923 3583 amplitudini,
937 3501 1083 3580 gloriae
1108 3499 1204 3562 nullo

145 3591 224 3652 loco
249 3591 460 3653 defuturum.
