2742 4075
536 932 720 1027 zweites
747 931 879 1026 Buch.

367 1250 434 1317 Iler
459 1250 692 1335 Birgcrkricg
717 1252 860 1332 (50--47
878 1271 917 1312 .v.
942 1250 1046 1329 Chr),

509 1409 903 1489 mmmmm

491 1549 646 1605 cronno
666 1548 819 1605 muco
840 1548 923 1604 sm.

154 1677 167 1728 1
268 1676 305 1737 A.
331 1676 361 1737 d.
388 1691 441 1737 vm
464 1675 547 1750 Idus
571 1674 750 1740 Decembr.
775 1673 990 1735 Aeculanum
1018 1674 1098 1735 veni
1128 1678 1162 1734 et
1185 1673 1238 1735 ibi
1358 1659 1359 1666 '

179 1770 258 1827 tnas
282 1751 423 1826 litteras
443 1763 522 1842 legi,
547 1780 634 1842 quas
658 1762 867 1823 Philotimus
890 1760 976 1822 mihi
1000 1760 1160 1823 reddidit.
1203 1761 1234 1820 Ε

180 1852 307 1933 quibus
335 1851 425 1913 hanc
453 1851 567 1930 primo
602 1855 745 1930 aspectu
774 1850 990 1929 voluptatem
1019 1848 1109 1929 cepi,
1140 1848 1236 1927 quod
1358 1885 1359 1888 =

179 1945 280 2003 erant
304 1959 323 2002 a
347 1945 381 2001 te
405 1939 482 2018 ipso
497 1938 659 2018 scriptae,
684 1937 809 2000 deinde
831 1956 951 1999 earnm
973 1936 1236 1999 accuratissima

180 2028 363 2108 diligentia
388 2046 464 2089 sum
487 2026 616 2088 mirum
631 2026 668 2088 in
693 2026 834 2089 modum
853 2025 1054 2088 delectatne.
1093 2025 1143 2087 Ac
1166 2024 1238 2104 pri·

178 2135 274 2178 mnm
296 2116 394 2190 illud,
416 2115 454 2176 in
471 2133 540 2194 quo
564 2120 598 2176 te
613 2114 828 2176 Dicaearcho
846 2113 1008 2176 assentiri
1030 2131 1147 2192 negaS,
1171 2113 1239 2175 etsi

180 2202 404 2284 cupidissime
428 2203 621 2281 expetitum
646 2220 665 2263 a
690 2220 744 2262 me
764 2207 816 2264 est
839 2208 873 2263 et
890 2206 924 2263 te
941 2201 1170 2281 approbante,
1194 2219 1239 2262 ne

180 2290 312 2354 diutius
331 2308 424 2351 anno
439 2289 476 2351 in
493 2289 676 2369 provincia
693 2307 812 2367 essem,
827 2296 943 2352 tamen
960 2308 1030 2351 non
1047 2295 1098 2350 est
1115 2294 1237 2351 nostra

179 2378 401 2441 contentione
429 2376 632 2457 perfectum.
680 2377 736 2439 Sic
767 2378 858 2439 enim
889 2377 991 2453 scito,
1023 2377 1171 2439 verbum
1199 2377 1238 2437 in
1358 2450 1359 2453 Ἴ

179 2473 303 2529 senatn
326 2465 458 2527 factum
482 2483 556 2527 esse
587 2483 778 2545 numquam
807 2467 849 2527 de
872 2465 945 2527 nllo
974 2470 1147 2541 nostrum,
1176 2465 1236 2544 qni

178 2555 381 2636 provincias
409 2553 638 2631 obtinuimus,
667 2572 737 2633 quo
765 2553 802 2614 in
830 2554 874 2615 iis
903 2553 1035 2616 dintins
1064 2571 1170 2632 quam
1193 2571 1237 2614 ex

179 2648 320 2706 senatus
343 2641 503 2704 consulto
520 2659 748 2718 maneremus,
772 2642 897 2703 utiam
917 2660 961 2703 ne
977 2641 1078 2702 istius
1096 2641 1236 2720 quidem

178 2732 230 2793 rei
255 2731 394 2811 cnlpam
411 2729 609 2807 sustineam,
634 2730 859 2809 quodminus
876 2730 936 2792 diu
952 2728 1080 2791 fuerim
1104 2729 1141 2790 in
1157 2746 1238 2809 pro-

152 2819 304 2895 2vincia,
331 2836 436 2898 quam
459 2816 610 2879 fortasse
633 2818 742 2879 fuerit
766 2816 860 2880 utile.
907 2817 974 2880 Sed
999 2818 1094 2896 ‘quid
1118 2818 1147 2879 si
1170 2816 1237 2878 hoc
1332 2893 1336 2903 ,

178 2904 336 2968 meliusi'
360 2912 556 2985 opportune
581 2905 649 2967 dici
674 2906 815 2968 videtur
830 2906 887 2968 vel
903 2906 940 2967 in
955 2905 1021 2967 hcc
1036 2905 1122 2984 ipso.
1155 2904 1238 2966 Sive

179 2995 270 3056 enim
296 2994 340 3055 ad
364 2994 586 3055 concordiam
610 3012 667 3055 res
684 2994 810 3055 addnci
834 2998 950 3073 potest
966 2994 1041 3055 sive
1065 2994 1110 3055 ad
1130 2993 1237 3055 bono-

178 3100 258 3143 rum
281 3081 475 3159 victoriam,
499 3081 670 3143 utriusvis
686 3082 738 3143 rei
763 3100 816 3143 me
833 3088 893 3143 ant
918 3082 1114 3144 adiutorem
1130 3081 1236 3142 velim

178 3187 253 3232 esse
285 3174 345 3231 aut
378 3174 471 3231 certe
503 3188 573 3231 non
606 3174 801 3248 expertem;
836 3169 890 3231 sin
921 3170 1111 3231 vincuntur
1143 3167 1236 3244 boni,

179 3258 390 3337 ubicumque
414 3275 533 3334 essem,
557 3275 727 3320 unacum
751 3257 795 3318 iis
821 3257 936 3319 victus
960 3276 1079 3319 essem.
1119 3255 1238 3328 Quare

179 3346 341 3410 celeritas
357 3345 468 3407 nostri
484 3346 619 3408 reditus
636 3341 880 3428 ἀμεταμέλητος
897 3346 1000 3408 debet
1017 3363 1099 3408 esse.
1135 3343 1237 3416 Quod

179 3435 207 3496 si
231 3435 299 3496 ista
323 3434 425 3497 nobis
449 3433 617 3513 cogitatio
634 3434 677 3495 de
701 3433 880 3512 triumpho
904 3434 1033 3496 iniecta
1050 3451 1119 3495 non
1137 3436 1237 3508 esset,

179 3541 284 3601 qnam
308 3527 346 3583 tu
370 3539 510 3601 quoque
534 3521 724 3601 approbas,
753 3540 796 3583 ne
824 3527 863 3583 tn
891 3521 986 3583 haud
1011 3521 1160 3582 multum
1183 3537 1237 3581 re·

179 3609 338 3688 quireres
362 3609 461 3670 illnm
485 3608 615 3685 virum,
643 3609 703 3688 qui
727 3610 764 3670 in
788 3614 886 3669 sexto
910 3608 1002 3670 libro
1025 3607 1238 3670 informatus

177 3700 239 3757 est.
271 3695 362 3767 Quid
379 3697 471 3757 enim
490 3696 555 3757 tibi
572 3695 709 3773 faciam,
734 3695 793 3774 qni
809 3695 889 3756 illos
905 3694 1016 3758 libros
1033 3695 1236 3757 devorasti?
