2742 4075
422 195 462 249 ac
481 195 554 249 fam.
575 194 617 258 11,
636 198 661 250 ε.
683 222 714 230 -
734 193 775 249 ac
793 194 854 250 act.
872 193 907 262 v,
927 197 968 249 15.
1182 179 1223 240 39

169 374 248 417 cum
272 354 424 431 veneris,
451 372 522 416 non
545 354 675 416 habeas
698 355 782 431 iam,
806 354 901 432 quod
923 353 1034 429 iures;
1070 352 1119 414 ita
1144 359 1225 415 sunt

169 442 285 505 omnia
315 442 497 505 debilitata
526 447 560 503 et
587 442 658 503 iam
688 460 798 521 prope
822 442 1002 503 exstincta.
1049 440 1116 502 Sed
1140 441 1225 502 haec

168 532 246 611 ipsa
270 531 387 592 nescio
410 536 550 591 rectene
566 529 636 592 sint
659 530 788 592 litteris
812 530 1011 604 commissa;
1039 547 1148 607 quare
1173 547 1224 590 ce-

169 625 245 681 tere
263 635 452 697 cognosces
468 636 511 679 ex
529 618 623 680 aliis'
646 619 699 682 Tu
715 624 840 695 tamen,
856 618 930 679 sive
946 617 1054 678 habes
1072 617 1225 695 aliquam

169 725 266 786 spem
291 707 333 768 de
349 724 388 767 re
412 705 553 785 publica
570 706 644 768 sive
661 706 836 785 desperas,
860 724 901 767 ea
925 723 1022 784 para,
1045 704 1225 777 meditare,

170 794 300 873 cogita,
330 812 418 873 quae
442 811 516 855 esse
539 794 576 855 in
599 812 640 856 eo
664 794 734 856 civi
759 812 798 855 ac
822 794 901 855 viro
925 793 1066 868 debent,
1094 792 1154 871 qui
1180 792 1225 853 sit

169 901 245 944 rem
274 881 450 961 publicam
481 881 652 943 afflictam
683 888 718 943 et
746 899 949 960 oppressam
977 880 1114 941 miseris
1142 886 1225 941 tem·

169 969 315 1049 poribus
344 987 383 1031 ac
412 969 560 1048 perditis
590 969 747 1031 moribus
777 970 814 1031 in
838 974 992 1031 veterem
1018 968 1226 1047 dignitatem

169 1064 204 1120 et
227 1058 426 1120 libertatem
451 1057 703 1119 vindicaturus.

511 1375 890 1455 nmmum

487 1516 642 1606 crcaao
661 1549 815 1607 arrrco
836 1549 919 1604 san.

259 1710 467 1772 Laodiceam
491 1711 571 1772 veni
595 1709 711 1789 pridie
735 1709 808 1770 Kal.
825 1708 988 1771 Sextiles:
1014 1727 1064 1770 ex
1081 1709 1146 1770 hoc
1171 1708 1251 1770 diel

171 1797 310 1859 clavum
335 1797 416 1858 anni
432 1798 598 1859 movebis.
635 1796 731 1857 Nihil
748 1796 947 1875 exoptatius
971 1796 1125 1857 adventu
1140 1814 1226 1873 mee,

172 1884 259 1944 nihil
288 1884 412 1945 carius.
458 1884 527 1946 Sed
554 1890 606 1945 est
634 1883 856 1960 incredibile,
885 1901 990 1962 quam
1018 1901 1072 1944 me
1095 1883 1227 1961 negotii

173 1972 319 2033 taedeat.
358 1972 434 2032 Non
458 1971 586 2033 habeat
605 1972 691 2033 satis
714 1989 880 2051 magnum
904 1989 1064 2050 campum
1087 1970 1146 2032 ille
1162 1971 1227 2032 tibi

172 2078 241 2121 non
264 2060 406 2138 ignotus
430 2078 552 2121 cursus
577 2060 683 2122 animi
708 2067 742 2122 et
771 2059 966 2121 industriae
989 2078 1099 2136 meae,
1127 2078 1227 2138 prae·

172 2147 268 2208 clara
292 2165 399 2225 opera
416 2148 549 2209 cesset?
574 2146 721 2227 Quippe,
744 2147 799 2209 ius
814 2147 1006 2209 Laodiceae
1030 2166 1084 2209 me
1101 2148 1226 2224 dicere,
1257 2215 1259 2217 ,

171 2252 249 2296 cum
266 2235 395 2298 Romae
412 2234 449 2297 A.
466 2235 602 2297 Plotius
619 2235 723 2313 dicat,
739 2241 782 2312 et,
805 2254 882 2297 cum
899 2236 1091 2297 exercitum
1107 2241 1226 2298 noster
1252 2253 1256 2259 ·

172 2322 302 2383 amicus
332 2323 460 2384 habeat
488 2328 640 2401 tantum,
673 2342 727 2385 me
760 2342 886 2385 nomen
916 2323 1046 2385 habere
1077 2324 1227 2385 duarum

171 2408 348 2487 legionum
386 2410 558 2471 exilium?
624 2412 781 2489 Denique
815 2411 901 2473 haec
941 2430 1010 2473 nou
1044 2411 1224 2473 desidero:

171 2496 292 2573 lucem,
305 2496 431 2573 forum,
443 2499 575 2576 urbem,
587 2499 736 2576 domum,
749 2517 812 2561 vos
829 2498 997 2561 desidero.
1023 2498 1091 2561 Sed
1105 2498 1227 2574 feram,

171 2590 209 2646 ut
233 2589 372 2664 potero,
402 2585 447 2647 sit
471 2587 574 2648 modo
599 2605 769 2648 annuum:
800 2587 829 2649 si
853 2593 1081 2666 prorogatur,
1111 2592 1227 2648 actum

170 2677 238 2748 est;
265 2691 388 2734 verum
400 2673 568 2752 perfacile
580 2674 698 2736 resisti
716 2681 840 2753 potest,
855 2680 894 2736 tu
909 2675 1012 2736 modo
1025 2675 1155 2736 Romae
1170 2673 1225 2735 sis

259 2759 415 2839 Quaeris,
440 2762 525 2841 quid
544 2762 600 2824 hic
617 2781 727 2841 agam
764 2764 818 2824 Ita
842 2763 970 2840 vivam,
995 2767 1033 2823 ut
1056 2761 1253 2823 maximos2

171 2855 330 2926 sumptus
353 2848 453 2911 facio.
500 2849 650 2911 Mirifice
675 2850 829 2912 delector
852 2851 918 2912 hoc
942 2850 1112 2911 instituto.
1159 2847 1225 2911 Ad·

171 2934 343 2996 mirabilis
360 2937 571 2999 abstinentia
588 2956 631 2999 ex
647 2938 845 3018 praeceptis
864 2938 943 3014 tuis,
967 2943 1006 3000 ut
1022 2956 1156 3014 verear,
1182 2956 1225 2999 ne

170 3022 268 3100 illud,
285 3024 378 3102 quod
394 3030 509 3087 tecum
524 3025 733 3105 permutavi,
754 3045 901 3088 versura
919 3026 1003 3088 mihi
1019 3027 1225 3088 solvendum

170 3111 225 3172 sit.
271 3110 376 3191 Appii
406 3113 554 3175 vulnera
585 3132 654 3175 uon
687 3108 832 3190 refrico,
863 3114 924 3175 sed
958 3120 1130 3194 apparent
1162 3132 1225 3176 nec

171 3199 283 3260 occuli
307 3206 460 3278 possunt.
497 3202 570 3263 Iter
586 3201 759 3263 Laodicea
783 3201 955 3263 faciebam
979 3221 1006 3264 a.
1025 3204 1055 3265 d.
1078 3219 1123 3265 111.
1139 3202 1252 3263 Nona

171 3285 327 3364 Sextiles,
352 3306 430 3349 eum
453 3288 517 3350 has
540 3288 677 3351 litteras
702 3289 837 3365 dabam,
860 3290 897 3350 in
922 3296 1037 3352 castra
1061 3291 1097 3350 in
1117 3290 1224 3367 Lyca·

171 3373 295 3436 oniam.
320 3375 405 3437 Iade
423 3377 467 3438 ad
480 3378 633 3438 Taurum
651 3377 858 3455 cogitabam,
875 3383 914 3438 ut
925 3395 1004 3439 cum
1016 3378 1225 3456 Moeragene

172 3461 281 3540 signis
309 3463 459 3540 collatis,
487 3462 516 3525 si
544 3481 696 3544 possem,
729 3465 771 3527 de
799 3483 902 3526 servo
931 3469 992 3526 tuo
1020 3464 1224 3527 deciderem.

237 3601 445 3666 ‘Clitellae
473 3604 571 3666 bovi
600 3605 696 3666 sunt
725 3605 962 3685 impositae3
995 3606 1118 3685 plane
1146 3624 1225 3667 non

739 3697 802 3755 est
825 3693 1012 3754 nostrum
1037 3694 1158 3754 onus!
