2742 4075
159 170 200 232 46
606 185 630 252 1,
650 187 762 240 19-21.

159 363 289 424 genera
307 345 451 407 virtutis
468 344 679 420 adiunxeris,
699 345 794 424 ipsas
810 344 915 405 etiam
931 344 1011 406 illas
1025 363 1083 407 res
1099 351 1225 424 gestas

159 433 323 494 iustiores
348 450 422 494 esse
447 437 481 494 et
505 432 655 494 maiores
678 437 813 511 putare.

115 530 150 583 16
247 521 452 582 Extremum
476 520 565 581 illud
589 525 649 596 est,
674 525 712 581 ut
730 520 829 599 quasi
854 518 1022 582 diffidens
1038 521 1218 599 rogationi

159 626 255 670 meae
272 608 528 687 philosophiam
546 609 589 669 ad
606 614 640 669 te
657 608 813 686 allegem,
830 625 899 686 qua
916 625 979 669 nec
997 608 1082 669 mihi
1100 609 1221 670 carior

159 697 231 757 ulla
260 714 426 775 umquam
453 696 570 757 resin
599 697 672 757 vita
701 696 769 757 fuit
801 712 864 756 nec
892 695 1071 757 hominum
1095 697 1217 775 generi

159 783 271 845 maius
296 802 315 844 a
340 784 414 845 deis
438 802 563 844 munus
586 783 697 844 ullum
726 788 778 846 est
802 784 930 844 datum.
977 784 1072 846 Haec
1096 784 1218 863 igitur,

160 890 250 951 quae
277 872 362 933 mihi
393 877 506 934 tecum
532 871 724 933 communis
752 876 819 947 est,
848 871 996 933 societas
1019 871 1218 933 studiorum

161 965 265 1039 atque
290 960 418 1021 artium
442 965 652 1036 nostrarum,
676 959 841 1038 quibusa
864 959 1017 1037 pueritia
1042 960 1151 1021 dediti
1176 978 1218 1021 ac

160 1048 314 1110 devincti
347 1048 411 1109 soli
442 1047 695 1127 propemodum
726 1065 789 1108 nos
813 1047 1070 1126 philosophiam
1095 1065 1215 1110 veram

160 1136 257 1196 illam
281 1140 315 1196 et
339 1136 533 1214 antiquam,
562 1153 652 1214 quae
677 1134 887 1213 quibusdam
911 1134 973 1195 otii
998 1153 1072 1197 esse
1096 1153 1135 1196 ac
1160 1135 1218 1196 de-

160 1224 270 1284 sidiae
298 1224 453 1299 videtur,
482 1223 518 1284 in
549 1222 666 1284 iorum
696 1228 800 1301 atque
828 1223 865 1283 in
892 1240 966 1284 rem
995 1241 1026 1301 p.
1052 1229 1156 1302 atque
1178 1223 1219 1283 in

159 1311 272 1390 ipsam
302 1311 410 1372 aciem
441 1328 551 1390 paene
580 1310 802 1387 deduximus,
831 1316 944 1372 tecum
976 1310 1049 1389 agit
1074 1311 1115 1372 de
1139 1329 1216 1373 mea

160 1399 278 1474 laude;
305 1400 360 1460 cui
384 1399 506 1478 negari
532 1417 551 1460 a
569 1398 700 1460 Catone
717 1398 771 1460 fas
786 1417 859 1460 esse
876 1416 946 1459 non
963 1404 1056 1477 puto.
1090 1397 1216 1469 Quam-

160 1487 280 1548 obrem
309 1486 374 1549 tibi
403 1488 451 1548 sic
480 1487 693 1566 persuadeas
722 1486 841 1563 velim,
876 1486 905 1547 si
936 1486 1021 1547 mihi
1050 1492 1110 1548 tua
1142 1504 1217 1547 sen·

160 1575 268 1635 tentia
293 1575 448 1636 tributus
471 1574 582 1637 honos
606 1593 649 1636 ex
672 1575 758 1637 meis
787 1574 915 1636 litteris
938 1573 1060 1651 luerit,
1088 1574 1217 1636 mesic

160 1662 451 1740 existimaturum,
474 1681 552 1724 cum
570 1663 780 1724 auctoritate
803 1667 863 1723 tua
881 1668 954 1723 tum
971 1661 1216 1724 benevolentia

160 1768 244 1829 erga
269 1769 322 1812 me
347 1750 440 1828 mihi,
466 1751 559 1830 quod
583 1751 733 1812 maxime
757 1750 936 1829 cupierim,
961 1749 1156 1829 contigisse.

488 2015 538 2077 20.
565 2013 623 2093 (ad
647 2014 727 2076 iam.
752 2013 821 2090 XV,
846 2012 888 2091 5.)

359 2153 398 2206 M.
419 2151 524 2208 CATO
546 2152 575 2207 S.
596 2152 631 2206 D.
652 2152 692 2208 M.
714 2151 916 2208 CICERONI
936 2152 1021 2206 IMP.

134 2297 146 2347 1
248 2275 348 2348 Quod
373 2282 406 2339 et
434 2295 491 2338 res
519 2296 550 2356 p.
575 2295 629 2338 me
658 2283 692 2338 et
716 2283 836 2338 nostra
867 2276 1019 2338 amicitia
1043 2276 1216 2353 hortatur,

159 2365 310 2427 libenter
334 2363 438 2441 facio,
467 2373 506 2425 ut
530 2371 626 2425 tuam
650 2364 832 2442 virtutem,
860 2364 1109 2441 innocentiam,
1139 2364 1216 2426 dili-

159 2453 313 2532 gentiam
350 2453 527 2531 cognitam
561 2452 597 2513 in
631 2453 792 2514 maximis
824 2452 930 2514 rebus
966 2452 1058 2513 domi
1094 2452 1217 2531 togati,

160 2540 286 2602 armati
317 2540 405 2602 foris
438 2541 516 2619 pari
547 2541 722 2602 industria
754 2540 1001 2602 administrare
1033 2540 1216 2619 gaudeam.

159 2629 292 2708 Itaque,
303 2629 396 2708 quod
408 2646 474 2707 pro
487 2628 704 2690 meoiudicio
717 2628 833 2689 facere
846 2629 954 2707 potui,
964 2632 1003 2689 ut
1014 2627 1215 2689 innocentia

159 2718 374 2795 consilioque
398 2721 459 2778 tuo
476 2717 654 2778 defensam
670 2716 899 2796 provinciam,
920 2721 1099 2777 servatum
1116 2715 1215 2777 Ario-

159 2804 322 2866 barzanis
347 2822 425 2865 oum
441 2804 518 2883 ipso
541 2823 625 2883 rege
641 2822 799 2883 regnum,
823 2804 998 2865 sociorum
1013 2808 1216 2866 revocatam

160 2893 204 2954 ad
228 2892 382 2953 studium
406 2891 546 2971 imperii
569 2893 681 2953 nostri
706 2892 922 2954 voluntatem
942 2891 1114 2953 sententia
1138 2905 1218 2954 mea·

132 2986 193 3050 2et
217 2979 357 3041 decreto
382 2979 572 3056 laudarem,
596 2978 672 3042 feci.
712 2979 1010 3059 Supplicationem
1030 2980 1215 3056 decretam,

159 3067 188 3128 si
212 3072 260 3144 tu,
285 3085 353 3146 qua
376 3067 413 3129 in
429 3086 468 3129 re
485 3068 573 3129 nihil
589 3067 747 3145 fortuit0,
770 3068 831 3129 sed
847 3085 980 3129 summa
997 3073 1057 3128 tua
1078 3068 1215 3128 ratione

159 3162 193 3216 et
217 3155 431 3217 continentia
455 3156 508 3217 rei
532 3175 563 3235 p.
588 3155 769 3234 provisum
794 3160 855 3233 est,
880 3155 933 3217 dis
956 3154 1215 3216 immortalibus

158 3244 333 3322 gratulari
371 3261 434 3304 nos
467 3262 571 3323 quam
605 3243 669 3304 tibi
707 3242 843 3305 referre
879 3248 1058 3322 acceptum
1093 3242 1214 3318 mavia,

158 3333 310 3411 gaudeo;
337 3332 431 3411 quod
455 3332 484 3393 si
507 3331 677 3411 triumphi
702 3331 988 3410 praerogativam
1008 3335 1113 3410 putas
1136 3348 1214 3409 sup·

158 3419 382 3498 plicationem
406 3425 440 3482 et
464 3420 596 3481 idcirco
613 3437 731 3480 casum
755 3419 994 3498 potiusquam
1017 3423 1052 3480 te
1075 3418 1213 3479 laudari

61 3563 62 3566 ,
158 3507 279 3585 mavis,
303 3525 415 3586 neque
439 3506 729 3586 supplicationem
754 3507 912 3585 sequitur
933 3524 1069 3584 semper
1093 3506 1214 3567 trium-

159 3595 249 3672 phus
273 3601 307 3656 et
328 3595 506 3674 triumpho
522 3594 632 3656 multo
657 3594 787 3656 clarius
807 3599 859 3654 est
883 3599 1040 3654 senatum
1057 3592 1214 3656 iudicare

159 3681 276 3760 potius
304 3683 570 3744 mansuetudine
599 3687 634 3744 et
662 3679 861 3743 innocentia
885 3679 1110 3759 imperatoris
1134 3698 1214 3760 pro-
