2742 4075
560 212 771 281 mmna
1150 197 1190 259 Μ

134 394 276 452 norum,
305 376 333 436 si
357 374 401 435 iis
424 392 489 453 pro
519 391 572 435 me
596 378 712 434 stante
735 390 894 452 pugnare
918 372 1089 449 licuisset,
1114 390 1192 433 cum

135 463 311 525 afflictum
339 462 493 524 excitare
523 461 718 541 potuissent
726 480 733 536 ;
772 478 921 540 quorum
950 460 1091 539 quidem
1121 460 1191 521 ani·

133 570 231 613 mum
255 556 294 612 tu
316 568 387 612 non
411 549 621 629 perspexisti
645 548 772 625 solum,
802 566 881 609 cum
909 549 952 609 de
981 566 1035 609 me
1060 565 1191 627 ageres

135 639 197 701 sed
221 639 327 701 etiam
350 636 568 699 confirmasti
594 641 699 716 atque
727 635 880 698 tenuist'.
927 635 1002 707 Qua
1025 636 1063 696 in
1086 653 1191 697 causa
1203 641 1236 692 14

137 729 222 807 (non
246 727 349 788 modo
372 744 442 787 non
466 725 616 804 negab0,
644 724 706 786 sed
729 725 834 786 etiam
857 741 993 802 semper
1018 729 1052 785 61
1075 724 1191 785 memi-

135 833 223 876 nero
247 820 281 877 et
303 813 516 894 praedicabo
540 812 705 891 libenter)
732 830 815 873 usus
839 829 875 873 es
899 811 1109 891 quibusdam
1132 830 1191 873 no·

136 902 316 965 bilissimis
344 901 544 964 hominibus
577 899 786 962 fortioribus
818 900 855 960 11
883 918 937 962 me
964 899 1191 975 restituendo,

136 1008 242 1070 quam
264 990 406 1052 fuerant
429 989 523 1050 idem
546 988 583 1049 in
607 989 766 1050 tenendo.
806 987 881 1058 Qua
905 988 942 1049 in
965 987 1137 1049 sententia
1162 988 1191 1048 si

136 1085 298 1140 constare
329 1077 536 1152 voluissent,
568 1094 667 1137 suam
701 1075 946 1137 auctoritatem
977 1075 1080 1137 simul
1113 1093 1192 1137 cum

107 1194 110 1202 ·
136 1165 250 1228 salute
272 1184 350 1227 mea
365 1168 640 1243 recuperassent.
674 1163 854 1230 Recreatis
870 1164 962 1225 enim
986 1163 1087 1225 bonis
1104 1163 1193 1225 viris

136 1251 320 1316 consulatu
344 1258 405 1314 tuo
429 1258 463 1314 et
486 1252 778 1314 constantissimis
799 1257 904 1330 atque
921 1252 1062 1331 optimis
1087 1252 1191 1313 actio·

135 1342 240 1404 nibus
263 1342 334 1403 tuis
357 1340 527 1417 excitatis
552 1340 611 1402 Cn.
627 1340 793 1419 Pompeio
813 1339 1021 1418 praesertim
1045 1339 1089 1401 ad
1113 1357 1191 1401 cau·

136 1448 211 1491 sam
228 1429 402 1506 adiuncto,
419 1447 498 1490 cum
514 1428 620 1490 etiam
637 1427 766 1489 Caesar
783 1427 889 1490 rebus
905 1427 1067 1489 maximis
1083 1427 1192 1505 gestis

136 1516 376 1597 singularibus
404 1521 550 1578 ornatus
578 1522 612 1578 et
641 1516 743 1578 novis
767 1516 959 1578 honoribus
989 1533 1028 1577 ac
1052 1515 1192 1577 iudiciis

135 1610 278 1667 senatus
307 1604 351 1666 ad
381 1604 626 1667 auctoritatem
656 1604 731 1665 eius
763 1604 898 1666 ordinis
929 1603 1191 1682 adiungeretur,

136 1693 224 1755 nulli
248 1692 409 1771 improbo
425 1692 494 1754 civi
518 1692 615 1753 locus
631 1691 675 1753 ad
698 1710 773 1753 rem
796 1692 974 1771 publicam
990 1691 1191 1753 violandam

136 1799 211 1842 esse
235 1780 414 1859 potuisset.
460 1779 527 1841 Sed
551 1780 706 1855 attende,
738 1797 882 1857 quaeso,
906 1797 995 1857 quae
1019 1778 1089 1840 sint
1113 1796 1191 1840 con·
1203 1779 1237 1832 15

137 1871 266 1928 secuta.
316 1867 473 1927 Primum
501 1866 562 1927 illa
593 1865 688 1926 furia
718 1865 943 1928 muliebrium
972 1865 1192 1944 religionum,

138 1953 199 2033 qui
216 1971 286 2014 non
301 1953 414 2032 pluris
430 1952 562 2014 fecerat
574 1954 707 2014 Bonam
717 1953 825 2014 Deam
842 1971 947 2032 qnam
962 1952 1028 2014 tris
1045 1970 1192 2030 sorores,

136 2042 383 2121 impunitatem
420 2046 472 2103 est
506 2041 648 2103 illorum
681 2041 862 2104 sententiis
896 2046 1089 2117 assecutus,
1123 2042 1192 2121 qui,

137 2149 214 2192 cum
239 2135 281 2192 tr.
305 2129 350 2210 pl.
381 2147 512 2209 poenas
536 2148 555 2191 a
584 2129 751 2191 seditioso
779 2130 848 2192 civi
874 2147 937 2210 per
961 2130 1071 2191 bonos
1095 2130 1192 2192 viros

136 2218 267 2281 iudicio
294 2217 459 2299 persequi
488 2218 607 2295 vellet,
642 2217 840 2298 exemplum
872 2218 1191 2298 praeclarissimum

136 2307 173 2367 in
196 2311 375 2387 posterum
391 2306 624 2368 vindicandae
648 2305 831 2368 seditionis
850 2306 948 2368 dere
972 2306 1113 2384 publiea
1137 2324 1192 2367 su·

137 2393 311 2456 stulerunt
343 2394 505 2472 idemque
533 2399 654 2473 postea
683 2412 754 2455 non
787 2412 900 2456 meum
929 2399 1191 2456 monumentum

139 2483 222 2561 (non
251 2481 341 2543 enim
370 2482 451 2542 illae
480 2482 666 2543 manubiae
690 2500 800 2559 meae,
829 2482 889 2544 sed
918 2482 1035 2561 operis
1063 2481 1192 2543 locatio

136 2588 212 2631 mea
241 2568 387 2648 fuerat),
417 2574 679 2631 monumentum
707 2588 793 2631 vero
821 2574 962 2631 senatus
989 2569 1109 2631 hostili
1132 2587 1191 2630 no·

136 2657 228 2719 mine
252 2663 286 2720 et
310 2657 464 2740 cruentis
487 2657 642 2718 inustum
659 2657 788 2719 litteris
804 2675 877 2719 esse
894 2657 988 2736 passi
1005 2662 1094 2718 sunt.
1123 2655 1191 2726 Qui

136 2764 190 2807 me
218 2746 376 2808 homines
405 2745 499 2824 quod
527 2745 664 2807 salvum
688 2763 762 2807 esse
790 2745 991 2822 voluerunt,
1024 2749 1076 2806 est
1106 2743 1191 2803 mihi

136 2833 391 2911 gratissimum;
435 2834 495 2895 sed
529 2832 655 2895 vellem
688 2851 758 2895 non
793 2832 906 2894 solum
940 2832 1064 2894 salutis
1095 2849 1192 2893 meae

138 2920 429 2998 quemadmodum
453 2919 592 2998 medici,
620 2920 681 2982 sed
710 2926 749 2982 ut
773 2920 903 3000 aliptae
926 2921 1032 2982 etiam
1060 2918 1191 2982 virium

137 3011 172 3068 et
191 3005 319 3068 coloris
335 3007 507 3069 rationem
523 3009 654 3070 habere
670 3008 872 3070 voluissent.
903 3009 1012 3085 Nunc,
1036 3015 1075 3069 ut
1090 3007 1191 3088 Apel-

136 3095 186 3156 les
203 3093 349 3156 Veneris
373 3100 478 3173 caput
501 3101 535 3157 61
550 3113 683 3157 summa
708 3096 860 3175 pectoris
884 3096 1091 3175 politissima
1115 3101 1192 3158 arte

136 3182 294 3262 perfecit,
309 3181 483 3260 reliquam
498 3188 636 3263 partem
651 3184 811 3263 corporis
826 3184 1026 3246 incohatam
1037 3183 1191 3262 reliquit,

136 3270 185 3332 sic
209 3270 353 3350 quidam
376 3270 533 3333 homines
549 3270 586 3331 in
602 3271 717 3351 capite
734 3290 809 3334 meo
825 3272 937 3334 solum
953 3272 1191 3346 elaborarunt,

135 3358 311 3438 reliquum
341 3376 469 3438 corpus
497 3358 742 3437 imperfectum
773 3377 813 3422 ae
845 3360 933 3422 rude
961 3360 1190 3438 reliquerunt.

135 3448 177 3508 In
201 3465 270 3525 quo
293 3465 358 3527 ego
387 3464 484 3526 spem
512 3445 623 3508 fefelli
652 3466 722 3509 non
750 3448 853 3510 modo
884 3447 1101 3524 invidorum,
1130 3448 1191 3509 sed
1202 3448 1236 3500 16

136 3534 240 3596 etiam
264 3535 487 3597 inimieorum
510 3552 681 3613 meorum,
711 3536 770 3615 qui
802 3535 845 3597 de
869 3554 938 3597 uno
963 3534 1135 3597 acerrimo
1157 3540 1191 3596 et

135 3622 329 3685 fortissimo
352 3623 430 3685 viro
454 3641 600 3702 meoque
623 3622 755 3685 iudicio
771 3623 925 3685 omnium
949 3622 1190 3701 magnitudine

136 3710 243 3772 animi
267 3715 301 3772 et
325 3711 521 3773 constantia
545 3711 857 3791 praestantissimo,
881 3709 919 3781 Q.
936 3709 1075 3772 Metello
1098 3709 1134 3771 L.
1158 3708 1191 3783 f,
