2742 4075
552 208 591 263 ad
610 208 683 262 fam.
704 207 783 275 XVI,
803 209 827 261 4.
1048 210 1050 212 ’
1175 192 1217 253 49

156 369 218 445 Et,
250 387 328 429 oum
361 367 555 429 valetudini
584 373 665 429 tuae
696 367 961 446 diligentissime
990 366 1217 443 oonsulueriS,

160 461 243 533 tum,
266 456 313 517 mi
331 456 423 532 Tir0,
448 455 620 517 consulito
644 455 871 533 navigationi.
905 454 1008 515 Nulla
1025 455 1061 515 in
1085 454 1217 516 roiam

159 550 194 606 te
218 543 386 605 festinare
408 543 488 604 volo
496 564 504 618 ;
530 542 618 603 nihil
642 542 775 619 laboro,
799 542 865 604 nisi
882 548 921 603 ut
938 542 1057 603 salvus
1073 541 1129 604 sis,
1160 541 1245 603 Siot

160 632 302 709 habeto,
330 631 376 692 mi
402 631 497 707 Tiro,
526 631 698 693 neminem
724 648 811 708 esse,
835 630 894 709 qui
918 648 973 691 me
998 635 1102 707 amet,
1132 630 1217 709 quin

160 720 253 781 idem
284 725 318 781 te
347 724 452 795 amet,
481 725 515 780 et
539 737 618 780 oum
646 723 707 779 tua
736 723 770 780 et
794 737 869 780 mea
898 718 1047 781 maxime
1070 718 1217 779 interest

158 807 351 884 temlero,
379 811 453 869 tum
477 806 596 868 multis
620 811 672 867 est
696 824 809 868 curae.
855 805 992 883 Adhuc,
1021 806 1104 867 dum
1131 805 1217 866 mihi

161 894 258 956 nullo
288 895 364 957 loeo
396 896 515 957 deesse
547 894 616 970 vis,
645 912 836 973 numquam
864 900 898 955 te
922 893 1135 955 confirmare
1158 912 1217 972 po·

161 983 276 1058 tuisti;
302 1001 394 1043 nuno
418 987 452 1044 te
475 982 563 1043 nihil
586 982 733 1061 impedit
741 1003 749 1057 ;
774 982 891 1064 omnia
908 982 1052 1061 depone,
1076 982 1217 1061 corpori

158 1070 265 1131 servi.
321 1069 494 1141 Quantam
530 1069 750 1148 diligentiam
781 1071 818 1131 in
849 1070 1086 1132 valetudinem
1121 1074 1217 1130 tuam

158 1157 362 1233 oontuleris,
387 1157 476 1219 tanti
492 1175 546 1218 me
562 1156 643 1219 fieri
661 1176 679 1218 a
697 1162 731 1218 te
747 1157 919 1220 iudicabo.
950 1157 1044 1234 Vale,
1061 1157 1108 1218 mi
1126 1156 1218 1233 Tiro,

160 1246 250 1322 vale,
274 1245 353 1306 vale
370 1250 404 1306 et
420 1245 524 1307 salve.
558 1245 667 1324 Lepta
684 1245 749 1306 tibi
767 1247 914 1308 salutem
935 1245 1020 1307 dioit
1040 1250 1074 1307 et
1090 1263 1218 1307 omnes.

158 1334 255 1395 Vale.
303 1350 345 1395 vn
369 1333 418 1394 id.
442 1333 527 1394 Novi
552 1334 721 1394 Leueade.

215 3819 329 3871 aingem
343 3818 423 3860 Brlefo
437 3817 533 3861 eleetos
546 3829 593 3862 von
607 3819 737 3863 Sohlrmer.
