2742 4075
171 170 213 232 20
623 186 647 247 Ι,
668 188 709 241 14.
730 188 771 241 15.

170 344 316 418 Salutis;
344 364 513 424 quaeres
538 345 783 407 animadversa
809 344 1069 407 amultitudine
1092 363 1225 406 summa

170 432 462 495 Brundisinorum
485 434 723 512 gratulatione
740 433 915 495 celebrata
932 439 992 495 est.
1028 433 1118 494 Ante
1135 433 1225 495 diem

170 538 202 582 v1
229 521 312 583 Idus
341 520 489 583 Sextiles
519 520 681 600 cognovi,
710 539 787 582 cum
813 520 991 582 Brundisii
1020 538 1143 598 essem,
1171 521 1225 582 lit-

171 609 256 670 teris
281 607 400 679 Quinti
429 608 582 670 mirifico
610 609 727 670 studio
756 608 911 671 omnium
943 613 1097 670 aetatum
1121 615 1225 688 atque

171 695 343 772 ordinum,
372 697 571 758 incredibili
596 714 768 758 concursu
792 697 916 758 Italiae
940 696 1052 776 legem
1076 697 1225 759 comitiis

171 784 376 845 centuriatis
407 802 481 846 esse
513 785 695 863 perlatam.
746 786 831 846 Inde
865 804 884 845 a
913 784 1135 846 Brundisinis
1167 785 1224 847 ho·

171 871 376 932 nestissimis
401 872 550 934 decretis
574 878 720 933 ornatus
743 872 810 934 iter
834 872 883 933 ita
908 872 985 948 feci,
1009 878 1048 933 ut
1071 872 1225 952 undique

144 959 215 1021 5ad
231 978 285 1020 me
302 978 379 1021 cum
396 961 633 1039 gratulatione
649 960 757 1039 legati
770 961 1007 1022 convenerint.
1033 960 1086 1021 Ad
1102 961 1225 1022 urbem

170 1047 218 1107 ita
242 1048 338 1124 veni,
368 1052 407 1108 ut
430 1066 531 1109 nemo
555 1048 661 1109 ullius
689 1048 823 1109 ordinis
847 1048 949 1110 homo
973 1048 1225 1110 nomenclatori

170 1140 273 1196 notus
296 1135 417 1211 fuerit,
446 1136 505 1214 qui
537 1136 622 1197 mihi
647 1136 789 1198 obviam
813 1154 882 1197 non
905 1137 1056 1213 venerit,
1084 1141 1225 1216 praeter

170 1241 228 1284 eos
251 1222 419 1299 inimicos,
445 1224 571 1301 quibus
595 1224 631 1285 id
654 1223 779 1303 ipsum,
807 1242 843 1285 se
867 1223 1026 1286 inimicos
1050 1242 1133 1301 esse,
1156 1243 1225 1286 non

170 1310 291 1372 liceret
320 1316 380 1372 aut
411 1311 631 1373 dissimulare
661 1318 721 1373 aut
751 1330 888 1390 negare.
936 1311 1022 1374 Cum
1052 1313 1225 1374 venissem

171 1398 215 1459 ad
243 1406 382 1477 portam
407 1398 596 1477 Capenam,
628 1399 761 1478 gradus
789 1399 999 1479 templorum
1029 1400 1072 1462 ab
1101 1399 1225 1462 infimo

170 1486 271 1565 plebe
299 1486 462 1566 completi
492 1492 601 1548 erant.
652 1486 681 1547 A
711 1506 778 1566 qua
811 1488 937 1567 plausu
967 1488 1119 1549 maximo
1148 1506 1224 1549 cum

170 1581 259 1635 esset
276 1574 361 1634 mihi
377 1574 570 1653 gratulatio
588 1575 798 1653 significata,
824 1574 949 1636 similis
969 1582 1003 1636 et
1026 1575 1224 1654 frequentia

170 1668 204 1723 et
236 1661 380 1741 plausus
412 1681 466 1724 me
494 1681 605 1741 usque
639 1664 683 1724 ad
713 1662 924 1742 Capitolium
958 1662 1159 1740 celebravit,
1188 1663 1226 1724 in

169 1749 317 1829 foroque
341 1755 375 1812 et
399 1752 435 1812 in
458 1751 535 1831 ipso
555 1750 730 1831 Capitolio
753 1751 913 1812 miranda
937 1750 1125 1812 multitudo
1149 1750 1223 1811 fuit.

258 1838 433 1901 Postridie
456 1838 493 1900 in
517 1844 648 1916 senatu,
673 1839 733 1918 qui
758 1838 825 1900 fuit
850 1839 923 1901 dies
942 1840 1121 1900 Nonarum
1145 1837 1224 1917 Sep-

143 1927 302 2003 otembr,
326 1926 462 1989 senatui
486 1927 621 2006 gratias
645 1927 788 2006 egimus.
827 1928 879 1989 Eo
902 1926 1010 1989 biduo
1035 1944 1112 1987 cum
1136 1932 1226 1988 esset

171 2033 329 2076 annonae
347 2032 480 2076 summa
494 2014 623 2077 caritas
636 2021 670 2077 et
686 2015 844 2077 homines
857 2015 901 2077 ad
913 2015 1090 2077 theatrum
1102 2013 1226 2094 primo,

171 2102 296 2164 deinde
316 2102 360 2163 ad
384 2108 543 2164 senatum
559 2103 827 2179 concurrissent,
850 2103 1003 2182 impulsu
1020 2102 1133 2165 Clodii
1149 2122 1225 2165 mea

171 2208 277 2268 opera
301 2189 469 2251 frumenti
493 2189 648 2269 inopiam
672 2208 747 2251 esse
763 2190 963 2266 clamarent,
986 2208 1065 2252 cum
1088 2209 1150 2270 per
1167 2208 1227 2252 eos

171 2277 244 2339 dies
268 2282 409 2339 senatus
433 2278 476 2339 de
500 2295 637 2339 annona
661 2277 852 2340 haberetur
876 2284 910 2340 et
934 2279 978 2340 ad
1005 2278 1080 2340 eius
1103 2297 1226 2358 procu-

169 2364 342 2427 rationem
375 2383 534 2428 sermone
566 2384 637 2427 non
669 2366 781 2428 solum
813 2366 935 2447 plebis,
966 2384 1089 2428 verum
1121 2366 1227 2428 etiam

170 2454 342 2515 bonorum
377 2453 563 2533 Pompeius
600 2460 789 2516 vocaretur
827 2455 934 2533 idque
968 2454 1043 2534 ipse
1083 2460 1227 2534 cuperet

170 2540 427 2621 multitudoque
460 2560 479 2603 a
511 2560 564 2603 me
595 2542 817 2620 nominatim,
852 2548 890 2603 ut
925 2542 962 2603 id
995 2543 1227 2619 decernerem,

169 2629 377 2709 postularet,
412 2629 479 2691 ieci
514 2636 548 2691 et
582 2635 745 2691 accurate
780 2630 987 2692 sententiam
1024 2630 1110 2707 dixi,
1148 2648 1227 2691 cum

171 2718 330 2779 abessent
362 2717 579 2793 consulares,
616 2718 710 2796 quod
743 2723 820 2780 tuto
854 2737 890 2780 se
923 2723 1093 2797 negarent
1125 2736 1227 2797 posse

170 2806 377 2867 sententiam
410 2805 541 2883 dicere,
572 2810 713 2886 praeter
742 2806 938 2868 Messallam
969 2811 1004 2868 et
1032 2805 1226 2867 Afranium.

170 2893 315 2953 Factum
343 2899 395 2954 est
419 2899 560 2955 senatus
584 2894 782 2956 consultum
810 2895 847 2955 in
874 2912 986 2955 meam
1010 2893 1227 2970 sententiam,

170 2986 208 3040 ut
237 2997 315 3040 cum
343 2981 508 3061 Pompeio
541 2987 715 3062 ageretur,
748 2987 787 3043 ut
819 3000 895 3043 eam
922 3000 996 3043 rem
1025 2981 1228 3061 susciperet,

169 3068 295 3145 lexque
318 3068 481 3130 ferretur.
526 3069 602 3142 Quo
627 3076 768 3132 senatus
793 3069 951 3132 consulto
974 3070 1123 3132 recitato
1148 3087 1227 3130 cum

170 3173 266 3217 more
289 3156 355 3218 hoc
377 3157 511 3219 insulso
535 3163 568 3220 et
585 3176 677 3220 novo
701 3158 863 3238 plausum
886 3175 962 3220 meo
979 3157 1118 3221 nomine
1140 3157 1227 3219 reci-

170 3244 277 3306 tando
294 3244 480 3322 dedissent,
496 3245 603 3307 habui
620 3245 825 3308 contionem.
855 3245 982 3308 Omnes
999 3245 1228 3325 magistratus

169 3339 371 3412 praesentes
394 3339 535 3413 praeter
558 3352 666 3394 unum
689 3338 887 3413 praetorem
904 3338 939 3396 et
955 3335 1043 3397 duos
1066 3333 1228 3396 tribunos

143 3421 214 3500 7pl.
244 3422 424 3483 dederunt.
474 3421 649 3483 Postridie
678 3426 820 3484 senatus
851 3422 1017 3501 frequens
1046 3427 1079 3484 et
1108 3439 1228 3483 omnes

170 3509 370 3571 consulares
399 3508 487 3570 nihil
516 3508 681 3589 Pompeio
709 3510 902 3590 postulanti
930 3515 1113 3589 negarunt.
1164 3509 1228 3570 lile

169 3596 304 3674 legatos
327 3597 525 3675 quindecim
550 3615 628 3659 cum
651 3597 855 3677 postularet,
879 3614 933 3657 me
950 3597 1145 3677 principem
1168 3616 1227 3659 no·

170 3682 317 3745 minavit
341 3691 375 3745 et
395 3684 440 3746 ad
456 3685 572 3747 omnia
588 3704 643 3748 me
660 3686 810 3748 alterum
826 3702 863 3746 se
878 3683 955 3745 fore
972 3684 1070 3746 dixit.
1099 3685 1229 3763 Legem
