2742 4075
554 156 593 210 ad
612 155 685 211 lam.
704 156 755 224 IV,
775 159 799 211 7.
1163 145 1205 204 Π

144 315 320 392 volumus,
344 316 531 395 pervenire
553 334 664 395 posse.
705 316 746 377 In
770 316 835 378 hoc
859 321 933 379 toto
949 334 1076 394 genere
1099 316 1203 396 plura

145 403 277 464 faciam
308 422 413 482 quam
441 403 595 465 scribere
624 404 744 466 audec.
796 404 933 481 Cetera,
965 421 1054 482 quae
1085 404 1151 465 tibi
1184 423 1203 466 a

145 490 268 552 multis
291 496 455 570 prompta
484 509 558 553 csse
586 496 682 553 certo
712 492 798 569 scio,
827 511 846 553 a
870 510 924 553 me
948 496 1028 552 sunt
1055 493 1203 571 paratis·

147 579 245 640 sima.
284 578 379 640 Nihil
400 579 436 639 in
460 597 500 641 re
521 578 690 640 familiari
713 598 789 641 mea
814 585 874 656 est,
899 580 992 659 quod
1009 597 1074 658 ego
1089 597 1204 641 meum

146 666 268 727 malim
292 685 366 728 esse
390 684 495 745 quam
511 671 618 727 tuum.
656 667 732 728 Hac
757 668 854 729 dere
878 673 911 729 et
929 668 971 729 de
994 667 1059 728 hoc
1076 685 1204 746 genere

146 758 224 815 toto
247 753 313 815 hoc
337 754 453 816 scribo
477 755 632 833 parciuS,
661 756 754 833 quod
779 760 812 817 tc
835 755 886 832 id,
910 755 1003 834 quod
1026 755 1101 834 ipse
1125 772 1203 817 eon-

147 841 233 917 fido,
257 860 400 921 sperare
423 843 525 919 malo,
548 847 582 904 te
606 860 680 904 esse
704 861 849 904 usurum
873 843 951 904 tuis.

236 930 443 991 Extremum
459 929 547 991 illud
560 935 620 1006 est,
631 935 670 991 nt
685 935 719 992 te
730 949 825 992 orem
838 936 872 993 et
888 931 1075 1007 obsecrem,
1089 931 1230 997 animoa

145 1023 187 1077 ut
211 1018 364 1079 maximo
388 1019 435 1079 sis
452 1036 514 1079 nec
539 1036 579 1079 ea
599 1018 711 1079 solum
727 1019 935 1096 memineris
960 1037 1048 1097 quae
1065 1019 1108 1080 ab
1127 1018 1204 1080 aliis

146 1105 286 1183 magnis
310 1105 398 1166 viris
423 1105 601 1184 accepisti,
632 1106 692 1167 sed
715 1106 776 1167 illa
801 1107 914 1183 etiam,
943 1125 1032 1185 qnae
1056 1106 1131 1185 ipse
1154 1107 1203 1168 in·

145 1192 253 1271 genio
276 1193 462 1272 studioque
485 1193 662 1272 peperisti.
709 1192 805 1264 Quae
829 1194 857 1255 si
887 1194 1039 1273 colliges,
1068 1199 1102 1256 ct
1130 1212 1204 1273 spe·

146 1279 245 1341 rabis
270 1281 385 1342 omnia
410 1282 540 1360 optime
564 1286 606 1357 et,
630 1299 720 1360 quac
745 1282 912 1358 accident,
936 1281 1204 1361 qualiacumque

146 1373 261 1441 crunt,
285 1369 462 1447 sapienter
486 1369 586 1430 feres,
620 1369 688 1430 Sed
705 1368 790 1431 haec
806 1375 845 1431 tu
861 1369 985 1431 melius
1001 1370 1057 1431 vel
1074 1370 1204 1449 optime

146 1455 318 1530 omnium;
345 1475 419 1535 ege,
436 1475 525 1536 qnae
541 1457 719 1535 pertinere
736 1458 780 1519 ad
797 1462 830 1519 te
847 1457 1057 1536 intellegam,
1074 1457 1203 1519 studio·

147 1543 283 1605 sissimo
318 1545 433 1605 omnia
467 1543 801 1624 diligentissimeque
831 1545 963 1607 curabo
994 1550 1203 1624 tuorumque

147 1631 350 1693 tristissimo
374 1650 450 1693 meo
474 1637 631 1710 tempore
655 1633 861 1694 meritorum
892 1651 976 1712 erga
1000 1651 1055 1694 me
1078 1651 1203 1695 memo·

146 1718 238 1780 riam
263 1720 488 1781 conservabo.

483 1895 533 1956 39.
560 1896 618 1973 (ad
642 1894 722 1955 iam.
746 1895 803 1970 IV,
828 1895 870 1972 7.)

355 2034 394 2089 M.
416 2033 570 2091 CICERO
592 2033 621 2090 S.
642 2034 677 2089 D.
698 2034 737 2089 M.
759 2033 991 2091 MARCELLO.

236 2160 312 2221 Etsi
336 2179 376 2222 co
400 2165 434 2221 te
459 2160 572 2222 adhuc
596 2160 742 2222 consilio
772 2179 874 2222 usum
896 2161 1077 2240 intellego,
1105 2165 1143 2221 ut
1166 2161 1228 2223 idi

146 2248 406 2327 reprehendere
429 2267 499 2310 non
523 2250 678 2325 audeam,
702 2268 772 2310 nen
796 2249 881 2328 quin
906 2249 950 2310 ab
974 2268 1014 2311 eo
1038 2249 1112 2328 ipse
1137 2249 1203 2311 dis-

146 2336 312 2413 sentiam,
341 2337 402 2397 sed
431 2336 525 2415 quod
548 2354 588 2397 ea
612 2342 647 2398 te
670 2337 842 2415 sapientia
871 2355 946 2398 esse
973 2337 1136 2414 iudicem,
1165 2342 1203 2398 ut

146 2442 263 2485 meum
287 2424 470 2485 consilium
493 2442 562 2485 non
587 2429 797 2503 anteponam
819 2430 893 2501 tuo,
922 2430 1038 2486 tamen
1062 2430 1096 2486 et
1121 2425 1202 2486 ami-

147 2511 252 2573 citiae
276 2516 416 2574 nostrae
441 2516 598 2573 vetustas
622 2517 656 2573 et
680 2517 740 2574 tua
764 2530 897 2573 summa
916 2530 1000 2591 erga
1025 2531 1078 2574 me
1101 2514 1202 2574 bene·

147 2600 317 2675 volentia,
346 2618 436 2678 quae
460 2599 544 2660 mihi
573 2599 644 2660 iam
668 2600 869 2678 apneritia
893 2605 954 2661 tua
978 2600 1117 2678 cognita
1142 2605 1203 2676 est,

146 2706 201 2749 me
219 2687 359 2748 hortata
384 2693 445 2764 est,
467 2692 562 2749 ntea
587 2688 777 2751 scriberem
794 2688 839 2749 ad
859 2693 902 2764 te,
926 2705 1016 2766 quae
1039 2692 1073 2749 et
1097 2686 1202 2748 saluti

147 2780 229 2837 tuae
253 2775 448 2836 conducere
465 2775 660 2836 arbitrarer
677 2780 712 2837 et
728 2794 799 2836 non
819 2775 933 2837 aliena
950 2793 1023 2836 esse
1039 2776 1203 2837 ducerem

147 2882 168 2924 a
193 2862 374 2941 dignitate.

236 2951 313 3029 Ego
329 2969 408 3012 eum
424 2956 458 3012 te
475 2969 558 3027 esse,
574 2950 633 3029 qui
647 2950 773 3012 horum
788 2952 961 3012 malcrum
976 2951 1077 3013 initia
1094 2950 1230 3015 multo2

147 3042 229 3100 ante
254 3038 395 3114 videris,
419 3038 638 3099 consulatum
654 3038 1000 3117 magnificentissime
1021 3044 1126 3118 atque
1145 3057 1203 3118 op·

147 3125 231 3187 time
255 3126 414 3205 gesseris,
438 3125 619 3205 praeclare
642 3126 800 3201 memini;
826 3127 887 3188 sed
909 3127 1002 3189 idem
1021 3128 1126 3189 etiam
1142 3126 1203 3188 illa

147 3213 231 3289 vidi,
256 3232 368 3292 neque
392 3219 426 3275 te
450 3213 634 3274 consilium
657 3213 772 3275 civilis
795 3214 878 3275 belli
897 3215 947 3276 ita
971 3215 1116 3294 gerendi
1140 3231 1203 3275 nec

147 3301 267 3380 copias
285 3300 343 3363 Cn.
361 3301 504 3380 Pompei
528 3319 591 3363 nec
615 3319 725 3380 genus
749 3302 923 3364 exercitus
946 3303 1099 3381 probare
1118 3318 1202 3362 sem-

147 3407 281 3468 perque
305 3407 436 3451 summe
461 3389 641 3463 diffidere;
668 3408 736 3468 qna
753 3390 789 3450 in
806 3391 978 3452 sententia
994 3408 1047 3451 me
1065 3407 1203 3468 quoque

146 3476 256 3539 fuisse
280 3477 447 3539 memoria
471 3482 590 3538 tenere
613 3482 647 3538 te
672 3477 836 3539 arbitror.
882 3478 1005 3556 Itaque
1029 3495 1141 3555 neque
1164 3481 1202 3537 tu

146 3564 296 3626 multum
319 3564 512 3627 interfuisti
535 3565 641 3626 rebus
664 3565 828 3643 gerendis
856 3570 890 3627 et
915 3583 979 3644 ego
1007 3564 1044 3626 id
1067 3583 1203 3644 semper

148 3653 214 3732 egi,
239 3672 282 3715 ne
305 3653 509 3714 interessem
517 3674 524 3727 ;
550 3670 620 3714 non
644 3652 737 3714 enim
759 3652 803 3713 iis
821 3653 927 3714 rebus
951 3653 1203 3731 pugnabamus,
