2742 4075
182 138 223 199 90
621 154 671 220 iv,
692 156 733 208 52.
753 156 795 209 53.

180 317 301 373 vectus
324 318 376 373 θεῖ
400 312 497 373 nullo
521 313 739 390 assentiente,
770 330 832 375 nec
857 313 950 389 mihi,
975 313 1035 391 qui
1059 313 1152 374 idem
1175 313 1235 374 tri·

180 400 307 462 cesimo
340 406 418 479 post
452 400 508 461 dic
536 399 618 477 feci,
653 419 716 462 nec
745 401 780 462 P.
809 401 975 474 Servilio,
1011 401 1070 480 qui
1102 419 1156 462 me
1184 407 1235 462 est

181 492 399 564 consecutus,
430 493 507 549 tuto
537 488 573 548 in
604 495 763 550 senatum
793 488 914 550 venire
946 486 1034 550 licetss
1086 487 1236 550 Caedem

180 575 272 637 enim
295 575 472 654 gladiator
501 576 639 654 quaerit
668 577 811 656 eiusque
840 577 979 637 initium
1008 595 1035 638 a.
1061 576 1092 638 d.
1117 593 1175 638 xm
1198 576 1234 636 K.

181 662 320 725 Octobr.
346 682 365 724 a
390 682 443 725 me
460 682 496 725 se
512 663 690 725 facturum
713 665 868 743 putavit;
895 664 940 725 ad
964 683 1066 743 quem
1090 670 1236 743 paratus

180 757 335 827 venerat,
359 769 436 812 cum
460 752 497 813 in
513 751 598 813 villa
614 751 744 813 Metelli
762 752 959 831 complures
975 753 1049 814 dies
1066 770 1235 813 commen-

181 843 275 899 tatus
299 845 396 901 esset.
443 838 540 911 Quae
564 845 679 901 autem
710 839 746 900 in
771 840 892 900 lustris
921 846 955 901 et
978 839 1015 901 in
1039 841 1123 902 vino
1147 857 1236 901 com·

180 927 348 988 mentatio
371 927 486 1006 potuit
509 929 608 989 esse?
655 928 778 1006 Itaque
803 928 964 989 omnibus
988 935 1039 989 est
1063 928 1175 1003 visus,
1199 933 1236 989 ut

181 1015 225 1076 ad
242 1020 275 1076 te
301 1021 402 1076 antea
426 1015 560 1093 scripsi,
584 1033 725 1077 vomere
749 1034 811 1076 suo
836 1033 941 1092 more,
965 1034 1034 1076 non
1059 1015 1184 1077 dicere.

154 1114 171 1166 2
269 1102 398 1178 Quare,
428 1103 521 1181 quod
550 1103 675 1164 scribis
706 1108 740 1164 te
764 1102 943 1165 confidere
968 1103 1179 1164 auctoritate
1204 1111 1236 1164 ct

181 1189 379 1268 eloquentia
404 1196 524 1251 nostra
550 1190 680 1269 aliquid
714 1190 842 1273 profici
874 1209 984 1270 posse,
1015 1191 1176 1252 nonnihil
1200 1196 1237 1251 ut

180 1278 217 1338 in
241 1278 348 1338 tantis
364 1277 465 1338 malis
481 1283 533 1339 est
549 1277 754 1357 profectum.
783 1278 961 1358 Intellegit
978 1279 1070 1340 enim
1086 1278 1238 1358 populus

181 1366 218 1427 R.
242 1372 314 1426 tres
338 1383 412 1426 esse
437 1366 646 1442 consulares,
670 1366 739 1444 qui,
765 1367 846 1445 quia
872 1367 914 1428 de
936 1384 975 1428 re
999 1385 1030 1445 p.
1050 1367 1138 1428 bene
1163 1384 1237 1428 sen-

180 1453 299 1529 serint,
323 1452 432 1515 libere
456 1453 563 1514 locuti
588 1454 666 1530 sint,
691 1459 767 1515 tuto
786 1454 823 1514 in
847 1460 1005 1516 senatum
1022 1455 1143 1515 venire
1168 1473 1238 1516 non

180 1541 323 1620 possint.
359 1542 428 1602 Nec
444 1547 496 1602 est
515 1546 708 1621 praeterea,
733 1543 827 1621 quod
844 1542 1032 1623 quicquam
1048 1548 1237 1621 exspectes.

181 1630 274 1690 Tuus
291 1629 382 1689 enim
399 1630 615 1691 necessarius
640 1629 816 1691 affinitate
838 1648 929 1691 nova
947 1629 1150 1707 delectatur,
1173 1630 1238 1691 ita-

181 1717 333 1795 quoiam
350 1736 419 1778 non
436 1723 488 1779 est
504 1718 681 1779 studiosus
698 1717 861 1780 ludorum
885 1717 1096 1796 infinitoque
1113 1717 1239 1778 fratris

181 1805 232 1866 tui
256 1806 381 1884 plausu
405 1806 635 1884 dirumpitur;
662 1805 751 1867 alter
772 1805 854 1867 item
881 1804 1001 1867 affinis
1025 1805 1128 1866 novis
1147 1823 1238 1867 com-

182 1893 361 1955 mentariis
379 1893 539 1955 Caesaris
556 1893 729 1955 delenitus
745 1899 805 1955 est.
835 1893 902 1955 Sed
919 1894 1004 1955 haec
1028 1892 1241 1970 tolerabilia,

179 1981 267 2043 illud
284 1999 353 2043 non
377 1980 570 2059 ferendum,
594 1981 688 2061 quod
704 1987 765 2059 est,
790 1982 850 2060 qui
868 1986 986 2044 vestro
1011 1999 1102 2043 anno
1122 1980 1240 2042 filium

180 2088 280 2131 suum
305 2071 481 2131 consulem
505 2070 664 2131 futurum
688 2076 787 2148 putet
811 2070 855 2132 ob
872 2088 1017 2149 eamque
1042 2087 1182 2131 causam
1200 2087 1240 2131 se

155 2158 261 2220 3buic
285 2157 413 2218 latroni
439 2158 617 2218 deservire
641 2175 727 2236 prae
751 2157 910 2220 scierat.
956 2158 1044 2219 Nam
1068 2158 1103 2219 L.
1125 2157 1241 2234 Cotta,

181 2244 366 2305 familiaris
390 2263 499 2321 meus,
527 2244 628 2306 fatali
653 2246 806 2324 quadam
829 2246 1087 2325 desperatione,
1116 2252 1155 2306 ut
1179 2245 1241 2322 ait,

180 2332 295 2393 minus
317 2331 354 2391 in
378 2338 536 2393 senatum
560 2332 673 2408 venit,
707 2333 742 2395 L.
768 2333 905 2409 Caesar,
934 2334 1086 2412 optimus
1109 2338 1143 2394 et
1167 2332 1240 2394 for-

180 2420 335 2481 tissimus
351 2419 447 2497 civis,
471 2420 672 2482 valetudine
688 2421 895 2500 impeditur;
922 2420 993 2483 Ser.
1011 2420 1186 2499 Sulpicius
1203 2426 1241 2481 θῖ

180 2526 313 2569 summa
339 2509 548 2570 auctoritate
572 2515 605 2570 et
629 2509 759 2588 optime
774 2510 927 2570 sentiens
951 2527 1020 2570 non
1046 2509 1158 2583 adest;
1184 2526 1241 2569 re·

180 2597 295 2675 liquos
311 2596 466 2674 exceptis
483 2596 675 2675 designatis
692 2597 833 2675 ignosce
850 2597 934 2657 mihi
952 2597 981 2658 si
1006 2614 1075 2657 non
1092 2613 1240 2656 numero

180 2685 383 2746 consularis.
418 2684 536 2746 Habes
562 2688 721 2746 auctores
746 2684 881 2746 consilii
906 2684 1047 2764 publici.
1085 2682 1151 2755 Qui
1176 2702 1239 2743 nu-

179 2791 296 2834 merus
320 2773 425 2833 etiam
449 2772 550 2833 bonis
573 2772 679 2834 rebus
704 2772 852 2850 exiguus
877 2777 979 2848 esset,
1009 2772 1094 2851 quid
1118 2789 1240 2833 censes

180 2860 350 2939 perditis?

268 2946 384 3017 Quare
413 2965 491 3026 spes
520 2952 572 3008 est
600 2949 712 3010 omnis
740 2948 777 3007 in
805 2948 922 3022 vobis;
956 2948 1016 3026 qui
1047 2946 1076 3007 si
1104 2945 1239 3007 idcirco

181 3034 319 3108 abestis,
342 3040 381 3095 ut
405 3035 481 3096 sitis
503 3035 541 3095 in
564 3040 650 3112 tut0,
674 3054 717 3097 ne
740 3036 777 3096 in
794 3035 895 3096 vobis
919 3035 1075 3114 quidem;
1102 3033 1156 3094 sin
1176 3032 1239 3093 ali·

181 3122 265 3200 quid
297 3122 442 3201 dignum
474 3128 593 3184 vestra
626 3124 740 3202 gloria
775 3123 955 3202 cogitatis,
989 3122 1095 3184 velim
1129 3120 1239 3182 salvis

180 3210 296 3284 nobis;
323 3210 376 3272 sin
400 3211 437 3270 id
460 3210 583 3284 minus,
606 3229 664 3272 res
680 3217 797 3273 tamen
819 3211 959 3290 publica
977 3228 1040 3289 per
1056 3227 1120 3271 vos
1135 3208 1238 3270 brevi

180 3305 336 3378 tempore
365 3298 419 3360 ius
447 3316 548 3360 suum
576 3298 798 3377 reciperabit.
844 3291 921 3377 Ego
951 3298 1021 3359 tuis
1045 3314 1157 3375 neque
1180 3295 1238 3357 de·

180 3405 256 3447 sum
279 3405 392 3465 neque
416 3387 529 3448 deero.
561 3386 628 3457 Qui
645 3387 720 3448 sive
745 3387 788 3448 ad
813 3406 866 3448 me
889 3385 1045 3448 referent
1069 3384 1144 3445 sive
1167 3402 1239 3445 non

180 3474 344 3550 referent,
367 3493 443 3536 mea
468 3474 532 3535 tibi
557 3480 673 3535 tamen
690 3474 934 3536 benevolentia
954 3473 1114 3552 fidesque
1137 3489 1238 3550 prae-

182 3561 342 3622 stabitur.
390 3561 482 3623 Vale.
