2742 4075
625 215 667 276 ΙΙ.
687 217 730 271 31.
750 214 800 278 32!

490 375 541 437 31.
567 375 626 455 (ad
649 374 730 436 iam.
754 375 842 452 XIV,
868 375 932 454 12.)

374 495 551 551 TULLIUS
573 495 812 551 TERENTIAE
834 495 939 551 SUAE
961 495 989 551 S.
1010 495 1045 550 D.

271 620 372 692 Quod
393 639 456 683 nos
480 622 516 682 in
539 621 678 683 Italiam
702 621 820 687 salvos
837 621 974 683 venisse
997 621 1139 700 gaudes,
1163 638 1242 699 per·

183 715 289 790 petuo
318 709 474 789 gaudeas
502 709 623 785 velim;
659 709 721 771 sed
753 709 953 788 perturbati
983 709 1104 771 dolore
1134 708 1242 770 animi

183 796 389 876 magnisque
416 797 558 858 iniuriis
586 802 703 859 metuo
731 815 774 859 ne
802 797 839 858 id
872 796 1009 859 consilii
1037 795 1243 875 ceperimus,

184 886 278 964 quod
301 904 372 948 non
388 884 493 947 facile
512 885 690 964 explicare
706 885 887 964 possimus.
921 883 1047 961 Quare,
1072 888 1242 963 quantum
1361 908 1363 913 ⁴

183 978 296 1053 potes,
326 973 470 1048 adiuva;
509 973 594 1052 quid
623 978 739 1035 autem
762 973 888 1052 possis,
916 972 1002 1033 mihi
1030 973 1067 1033 in
1090 976 1242 1033 mentem

183 1079 254 1123 non
277 1061 383 1123 venit.
429 1061 471 1122 In
494 1061 589 1123 viam
613 1062 707 1140 quod
731 1065 765 1122 te
790 1061 850 1123 des
874 1061 939 1122 hoc
963 1066 1130 1139 tempore,
1154 1058 1242 1120 nihil

149 1230 153 1237 ¹
184 1154 245 1212 est.
287 1149 332 1210 Et
356 1149 500 1228 longum
525 1154 577 1211 est
592 1148 660 1211 iter
684 1154 719 1210 et
743 1167 813 1210 non
837 1154 961 1225 tutum,
985 1153 1019 1209 et
1042 1165 1113 1209 non
1129 1146 1242 1225 vide0,
1363 1186 1364 1219 1

184 1237 269 1317 quid
293 1237 460 1316 prodesse
484 1237 605 1316 possis,
629 1236 658 1297 si
683 1236 830 1298 veneris.
878 1237 971 1298 Vale.
1017 1237 1055 1297 D.
1080 1254 1131 1315 pr.
1156 1235 1241 1296 Non.
1363 1236 1364 1241 ’

184 1326 269 1387 Νον.
294 1324 491 1386 Brundisio.

524 1532 902 1612 mmmmm

372 1653 527 1711 CICERO
546 1653 699 1710 ATTICO
720 1654 912 1711 SALUTEM
933 1654 1057 1711 DICIT.

159 1797 172 1848 1
273 1779 468 1843 Sollicitum
497 1799 571 1843 esse
599 1787 633 1843 te
661 1799 740 1843 cum
771 1781 814 1843 de
838 1781 908 1842 tuis
932 1781 1242 1861 communibusque
1365 1832 1366 1859 ,

185 1867 337 1930 fortunis
361 1873 436 1930 tum
459 1870 609 1931 maxime
629 1870 672 1931 de
688 1887 743 1931 me
767 1887 807 1931 ac
831 1869 874 1931 de
891 1869 1012 1931 dolore
1028 1887 1105 1931 meo
1121 1869 1242 1931 sentio.
1365 1872 1366 1879 ’

185 1955 253 2028 Qui
277 1957 418 2037 quidem
435 1975 531 2019 meus
547 1957 647 2019 dolor
662 1975 732 2019 non
748 1957 852 2018 modo
875 1975 944 2019 non
960 1957 1140 2034 minuitur,
1164 1975 1243 2019 cum

185 2045 317 2108 socium
334 2046 400 2108 sibi
418 2045 579 2124 adiungit
592 2046 749 2107 dolorem
765 2051 873 2122 tuum,
885 2046 946 2108 sed
962 2046 1067 2108 etiam
1084 2051 1243 2125 augetur.
1366 2079 1367 2122 ς

186 2131 336 2194 Omnino
364 2152 430 2212 pro
457 2140 519 2195 tua
549 2133 738 2212 prudentia
767 2133 883 2211 sentis,
912 2151 981 2212 qua
1005 2134 1244 2196 consolatione
1366 2147 1367 2172 ²

185 2220 297 2282 levari
321 2220 471 2282 maxime
487 2220 626 2300 possim.
661 2220 797 2283 Probas
813 2222 905 2282 enim
920 2239 1036 2283 meum
1060 2221 1244 2282 consilium

185 2325 362 2387 negasque
386 2308 470 2369 mihi
496 2308 683 2387 quicquam
707 2309 770 2370 tali
795 2315 951 2388 tempore
974 2308 1091 2388 potius
1115 2307 1243 2370 facien-

186 2397 268 2459 dum
292 2395 408 2457 fuisse.
455 2396 565 2458 Addis
588 2396 694 2458 etiam
720 2397 828 2476 (quod
857 2397 921 2459 etsi
945 2396 1031 2457 mihi
1055 2396 1168 2458 levius
1192 2403 1244 2458 est

186 2502 292 2564 quam
322 2489 420 2545 tuum
451 2484 633 2562 iudicium,
666 2490 782 2547 tamen
813 2503 883 2546 non
912 2489 964 2546 est
992 2484 1083 2563 leve)
1118 2485 1244 2546 ceteris

186 2590 334 2652 quoque,
358 2571 395 2634 id
418 2578 470 2633 est
494 2573 554 2652 qui
578 2573 716 2652 pondus
739 2573 900 2650 habeant,
928 2570 1061 2634 iactum
1084 2579 1244 2635 nostrum

159 2660 341 2741 2probari.
380 2660 421 2722 Id
445 2659 474 2721 si
498 2661 548 2722 ita
571 2666 743 2740 putarem,
767 2661 880 2723 levius
904 2661 1067 2723 dolerem.
1104 2660 1244 2738 ‘Crede’,

185 2748 311 2828 inquis,
336 2747 451 2810 ‘mihi'
486 2748 600 2811 Credo
616 2748 787 2828 equidem,
812 2750 872 2811 sed
895 2748 976 2825 scie,
1001 2767 1106 2828 quam
1122 2749 1244 2828 cupias

185 2836 296 2897 minui
319 2837 476 2899 dolorem
499 2854 622 2899 meum.
662 2838 716 2898 Me
734 2837 932 2899 discessisse
949 2837 993 2899 ab
1017 2837 1123 2898 armis
1147 2855 1244 2897 num-

187 2942 292 3003 quam
314 2924 497 3003 paenituit.
537 2925 648 2987 Tanta
672 2930 750 2986 erat
773 2924 810 2985 in
825 2924 896 2985 illis
920 2924 1120 3001 crudelitas,
1143 2930 1243 2986 tanta

186 3029 265 3073 cum
288 3012 452 3073 barbaris
468 3013 632 3091 gentibus
656 3012 865 3089 coniunctio,
889 3018 927 3074 ut
942 3030 1012 3074 non
1029 3013 1245 3089 nominatim,

187 3099 247 3162 sed
275 3100 470 3178 generatim
502 3100 716 3179 proscriptio
750 3106 840 3163 esset
872 3100 1076 3177 informata,
1107 3105 1145 3161 ut
1174 3100 1245 3162 iam

186 3187 341 3250 omnium
369 3188 500 3250 iudicio
529 3188 758 3250 constitutum
786 3194 876 3251 esset
904 3189 1059 3251 omnium
1087 3192 1244 3250 vestrum

186 3277 278 3339 bona
302 3275 470 3355 praedam
494 3293 568 3339 esse
591 3276 687 3338 illius
710 3276 890 3339 victoriae.
933 3273 1116 3339 ‘Vestrum'
1140 3276 1245 3355 plane

187 3364 281 3439 dico;
318 3381 508 3442 numquam
541 3364 633 3426 enim
664 3365 707 3426 de
738 3370 772 3427 te
802 3364 880 3444 ipso
908 3364 975 3426 nisi
1004 3363 1246 3426 crudelissime

187 3451 380 3529 cogitatum
403 3457 463 3513 est.
499 3450 616 3523 Quare
640 3452 833 3514 voluntatis
856 3470 911 3514 me
934 3469 1031 3514 meae
1054 3470 1246 3531 numquam

187 3537 389 3615 paenitebit,
413 3538 550 3600 consilii
566 3540 730 3618 paenitet.
764 3541 806 3601 In
821 3540 951 3620 oppido
968 3539 1087 3618 aliquo
1105 3539 1246 3602 mallem

187 3623 368 3700 resedisse,
383 3626 499 3703 quoad
516 3643 733 3703 accerserer;
751 3627 867 3689 minus
882 3627 1052 3688 sermonis
1065 3627 1245 3704 subissem,

188 3708 303 3768 minus
327 3711 536 3789 accepissem
553 3712 694 3791 doloris,
717 3714 832 3792 ipsum
847 3715 913 3776 hoc
928 3732 983 3776 me
1002 3733 1071 3777 non
1090 3720 1245 3794 angeret.
