2742 4075
572 214 611 268 ad
629 214 703 268 fam.
723 214 748 280 Ι,
767 214 792 268 a
1166 198 1208 258 33

152 375 265 450 Plato,
291 393 391 453 quem
417 393 482 453 ego
506 375 730 436 vehementer
756 378 934 435 auctorem
958 390 1094 451 sequor,
1119 376 1208 433 tan·

153 469 239 523 tum
264 462 516 524 contendere
544 463 586 524 in
615 461 865 541 republica,
896 465 1093 539 quantum
1117 478 1209 538 pro·

154 552 255 613 bare
285 550 369 611 tuis
398 550 562 611 civibus
592 550 745 629 possis;
778 549 861 610 vim
886 566 1016 626 neque
1040 547 1209 626 parenti

154 655 232 700 nec
248 638 414 717 patriae
432 636 592 699 afferre
608 644 813 717 oportere.
836 635 950 715 Atque
963 636 1053 697 hanc
1069 635 1210 714 quidem

155 726 216 787 ille
248 743 387 787 causam
420 726 487 787 sibi
521 725 570 786 ait
602 744 672 787 non
709 724 934 804 attingendae
963 724 1015 785 rei
1049 722 1211 803 publicae

154 814 278 890 fuisse,
306 814 413 892 quod,
443 831 521 875 cum
545 813 751 875 offendisset
774 812 941 892 populum
967 811 1212 873 Atheniensem

156 919 267 981 prope
295 901 364 962 iam
393 901 620 980 desipientem
649 905 826 962 senectute
860 918 1008 979 eumque
1041 917 1120 961 eum
1148 917 1211 960 nec

156 990 401 1069 persuadendo
431 1007 493 1051 nec
523 990 679 1068 cogendo
707 989 783 1068 regi
812 1006 913 1067 posse
942 987 1102 1064 vidisset,
1133 1004 1212 1048 cum

156 1076 363 1156 persuaderi
387 1095 488 1155 posse
513 1076 707 1153 diffideret,
738 1076 816 1155 cogi
845 1075 899 1137 fas
923 1094 997 1137 esse
1026 1093 1096 1137 non
1121 1075 1211 1136 arbi-

160 1170 325 1226 traretur.
364 1165 439 1226 Mea
463 1165 556 1226 ratio
579 1163 647 1226 iuit
672 1165 750 1240 alia,
775 1165 869 1243 quod
884 1182 997 1243 neque
1020 1162 1212 1243 desipiente

157 1253 288 1332 populo
305 1271 368 1314 nec
392 1253 531 1331 integra
547 1271 586 1314 re
610 1252 696 1313 mihi
714 1252 759 1313 ad
774 1252 1033 1328 consulendum,
1058 1269 1212 1330 capesse-

157 1359 277 1403 remne
294 1359 368 1402 rem
384 1340 570 1419 publicam,
591 1340 790 1419 implicatus
807 1340 962 1417 tenebar,
986 1340 1047 1400 sed
1063 1339 1212 1401 laetatus

159 1435 275 1490 tamen
299 1446 384 1505 sum,
409 1429 503 1508 quod
519 1428 604 1489 mihi
620 1428 742 1489 liceret
757 1428 794 1488 in
811 1428 932 1489 eadem
948 1445 1053 1488 causa
1077 1433 1111 1488 et
1127 1426 1212 1487 mibi

158 1517 260 1578 utilia
284 1522 319 1577 et
342 1516 453 1577 cuivis
477 1516 569 1578 bono
597 1522 693 1577 reeta
723 1515 919 1578 defendere.
966 1515 1044 1576 Huc
1069 1514 1214 1576 accessit

158 1604 462 1666 commemoranda
492 1604 663 1683 quaedam
692 1609 726 1665 et
757 1603 877 1665 divina
907 1603 1067 1665 Caesaris
1095 1602 1132 1663 in
1160 1621 1214 1664 me

160 1692 377 1770 fratremque
408 1710 522 1753 meum
553 1691 764 1753 liberalitas:
806 1690 866 1770 qui
897 1691 996 1767 mihi,
1034 1708 1214 1769 quascum-

160 1797 308 1858 queres
331 1786 485 1858 gereret,
508 1780 658 1840 tuendus
682 1785 787 1854 esset,
809 1797 902 1840 nunc
925 1779 961 1838 in
984 1784 1083 1839 tanta
1107 1777 1214 1840 felici·

160 1872 233 1927 tate
258 1867 435 1943 tantisque
459 1866 632 1942 victoriis,
660 1866 796 1927 etiamsi
819 1866 855 1925 in
878 1884 942 1927 nos
969 1884 1039 1927 non
1062 1866 1093 1926 is
1116 1871 1215 1941 esset,

164 1953 223 2032 qui
258 1958 322 2029 est,
357 1958 473 2014 tamen
509 1953 688 2015 ornandus
719 1953 908 2014 videretur.
965 1952 1021 2014 Sic
1055 1953 1147 2015 enim
1182 1961 1216 2015 te

162 2041 364 2103 existimare
393 2042 512 2119 velim,
541 2060 663 2103 cuma
695 2042 803 2118 vobis,
832 2060 928 2103 meae
952 2042 1075 2104 salutis
1100 2050 1215 2104 aucto-

160 2130 274 2205 ribus,
304 2129 539 2206 discesserim,
568 2130 740 2191 neminem
764 2148 852 2207 esse,
876 2130 975 2191 cuius
1003 2130 1132 2192 officiis
1162 2150 1216 2192 me

161 2224 233 2280 tam
256 2236 331 2280 esse
356 2218 556 2280 devinctum
580 2237 650 2279 non
673 2218 786 2280 solum
810 2217 996 2294 confitear,
1027 2219 1088 2280 sed
1111 2219 1217 2281 etiam

161 2306 342 2385 gaudeam.

251 2392 351 2464 Quod
376 2393 541 2472 quoniam
560 2393 625 2454 tibi
642 2394 798 2472 exposui,
821 2393 940 2456 facilia
957 2399 1037 2456 sunt
1054 2412 1103 2471 ea,
1128 2413 1217 2473 quae
1229 2407 1262 2460 19

163 2499 183 2542 a
216 2499 270 2542 me
302 2481 344 2542 de
374 2480 513 2542 Vatinio
545 2486 579 2543 et
608 2482 649 2543 de
681 2479 808 2544 Crasso
840 2482 1001 2561 requiris.
1057 2482 1145 2544 Nam
1175 2483 1217 2544 de

163 2568 277 2649 Appio
302 2568 395 2647 quod
420 2567 554 2644 scribis,
578 2569 680 2630 sicuti
706 2570 748 2631 de
768 2569 926 2648 Caesare,
950 2574 984 2631 te
1007 2588 1077 2631 non
1101 2588 1217 2649 repre·

162 2656 329 2733 bendere,
360 2656 497 2735 gaudeo
527 2656 592 2717 tibi
621 2657 806 2718 consilium
829 2658 975 2737 probari
999 2676 1121 2719 meum.
1168 2658 1218 2718 De

163 2744 305 2806 Vatinio
331 2749 455 2820 autem,
478 2744 630 2823 primum
653 2745 789 2807 reditus
810 2746 1056 2807 intercesserat
1079 2744 1117 2804 in
1140 2763 1218 2823 gra·

163 2832 249 2893 tiam
272 2850 335 2910 per
352 2832 565 2911 Pompeium,
590 2833 709 2893 statim
726 2838 764 2894 ut
781 2833 840 2894 ille
863 2838 1007 2913 praetor
1024 2837 1075 2894 est
1095 2832 1218 2908 factus,

165 2936 243 2979 cum
260 2919 400 2996 quidem
417 2938 481 2998 ego
497 2919 572 2981 eius
588 2920 792 2999 petitionem
807 2920 1027 3000 gravissimis
1043 2920 1080 2982 in
1096 2927 1219 2982 senatu

165 3005 347 3067 sententiis
379 3025 651 3086 oppugnassem,
683 3026 796 3086 neque
828 3014 900 3070 tam
932 3008 1027 3070 illius
1058 3009 1219 3071 laedendi

165 3111 270 3155 causa
295 3112 399 3172 quam
423 3094 633 3157 defendendi
658 3100 763 3174 atque
787 3096 936 3157 ornandi
957 3096 1115 3172 Catonis;
1141 3104 1220 3176 post

160 3186 280 3244 ¹autem
298 3181 468 3259 Caesaris,
492 3188 530 3244 ut
553 3182 652 3244 illum
673 3182 905 3261 defenderem,
930 3184 1019 3245 mira
1043 3185 1220 3246 contentio

164 3275 216 3331 est
240 3276 435 3332 consecuta.
471 3269 541 3331 Cur
559 3276 675 3332 autem
699 3271 882 3349 laudarim,
906 3277 987 3351 peto
1012 3291 1031 3333 a
1055 3279 1098 3348 te,
1122 3277 1161 3333 ut
1184 3272 1221 3333 id

165 3377 184 3419 a
208 3376 263 3420 me
286 3376 374 3420 neve
397 3358 434 3419 in
458 3358 523 3419 hoc
546 3376 608 3420 reo
631 3377 720 3421 neve
743 3359 779 3420 in
805 3359 882 3421 aliis
901 3360 1072 3438 requiras,
1096 3377 1139 3421 ne
1155 3359 1220 3421 tibi

165 3464 230 3524 ego
259 3445 352 3507 idem
378 3463 562 3525 reponam,
593 3464 671 3507 cum
701 3446 848 3509 veneris.
895 3447 1046 3509 Tametsi
1080 3464 1220 3526 possum

166 3533 222 3595 vel
246 3534 399 3609 absenti;
425 3533 615 3595 recordare
639 3534 740 3611 enim,
765 3535 892 3614 quibus
916 3535 1154 3597 laudationem
1178 3555 1221 3597 ex

164 3620 298 3682 ultimis
322 3621 429 3683 terris
453 3621 607 3696 miseris;
644 3640 708 3684 nec
737 3622 802 3683 hoc
830 3622 1068 3702 pertimueriS,
1097 3641 1178 3684 nam
1202 3641 1221 3683 a

164 3727 220 3771 me
243 3708 321 3786 ipso
344 3709 534 3770 laudantur
551 3716 586 3771 et
610 3709 849 3771 laudabuntur
874 3709 974 3771 idem.
1013 3709 1082 3771 Sed
1106 3715 1222 3770 tamen

219 3828 331 3877 Ausgew.
346 3825 426 3867 Brlele
438 3824 534 3868 Ciceros
547 3838 594 3869 von
609 3826 736 3870 Scblrmer.
1102 3831 1118 3878 3
