2742 4075
157 154 199 216 54
606 171 648 240 11,
668 173 710 227 aa.
730 174 773 227 24.

157 328 210 390 sit.
246 329 399 392 Putasne
422 329 532 410 igitur
557 332 749 393 verendum
773 349 856 408 esse,
879 350 923 393 ne
947 338 1007 394 aut
1031 332 1162 394 obiciat
1178 332 1215 394 id

157 416 259 479 nobis
283 417 424 496 aliquis,
454 418 483 480 si
507 417 723 498 languidius,
748 425 809 481 aut
832 426 983 499 repetat,
1008 420 1037 481 si
1061 419 1221 502 fortius?-

157 504 250 576 Quid
279 505 324 567 ad
352 506 438 568 haec
461 507 621 586 reperis?
668 506 880 584 ‘Solvamus’,
910 507 1036 586 inquis.
1082 508 1214 587 Age,a

158 592 277 655 Caelio
300 594 548 656 mutuabimur.
587 595 662 657 Hoc
679 600 718 656 tu
735 600 851 658 tamen
868 596 1068 658 consideres
1091 596 1212 672 velim,

157 686 243 760 puto
267 681 368 759 enim,
391 682 428 743 in
445 687 568 744 senatu
592 683 780 762 siquando
803 684 985 763 praeclare
1009 702 1075 763 pro
1098 702 1138 746 re
1154 703 1215 764 pu·

157 768 248 831 blica
278 769 415 846 dixere,
440 771 654 833 Tartessium
682 771 789 833 istum
819 776 918 833 tuum
947 771 1031 832 mihi
1056 772 1214 834 exeunti:

157 856 252 918 ‘Iube
276 857 377 920 sodes
401 876 560 920 nummos
584 860 728 921 curare?

115 952 148 1005 12
247 944 339 1016 Quid
360 947 544 1025 superest?
591 947 716 1008 Etiam.
763 947 877 1009 Gener
901 953 953 1009 est
976 947 1096 1010 suavis
1120 948 1215 1024 mihi,

158 1032 306 1111 Tulliae,
330 1035 522 1097 Terentiae.
568 1034 801 1106 Quantumvis
829 1035 886 1098 vel
913 1034 1046 1114 ingenii
1071 1036 1127 1097 vel
1154 1036 1215 1097 hu-

158 1122 345 1199 manitatis
376 1122 477 1198 satis;
511 1121 658 1202 reliqua,
688 1141 777 1202 quae
801 1124 908 1200 nosti,
936 1122 1090 1186 ferenda.
1141 1122 1216 1185 Scis

157 1209 259 1287 enim,
290 1228 377 1289 quos
408 1210 667 1290 appetierimus.
715 1209 781 1282 Qui
813 1229 932 1273 omnes
962 1217 1103 1290 praeter
1127 1230 1215 1287 eum,

158 1298 200 1360 de
225 1316 294 1376 quo
318 1316 380 1377 per
404 1303 439 1360 te
462 1298 605 1378 egimus,
628 1317 728 1361 reum
745 1317 799 1360 me
823 1298 987 1361 facerent.
1016 1300 1106 1379 Ipsis
1122 1298 1215 1360 enim

158 1403 349 1465 expensum
372 1405 473 1449 nemo
497 1386 595 1449 ieret.
642 1386 710 1449 Sed
733 1386 818 1449 haec
843 1405 977 1463 coram;
1010 1405 1090 1448 nam
1113 1386 1215 1447 multi

158 1474 328 1536 sermonis
352 1479 441 1536 sunt.
477 1474 616 1537 Tironis
639 1474 824 1537 reficiendi
848 1493 927 1555 spes
950 1476 1062 1537 estin
1078 1475 1133 1536 M'.
1151 1473 1216 1536 Ou-

158 1562 229 1636 rio;
255 1562 310 1624 cui
335 1580 401 1642 ego
425 1563 550 1642 scripsi
574 1563 639 1625 tibi
664 1582 742 1625 eum
766 1563 1005 1643 gratissimum
1030 1562 1216 1624 facturum.

158 1650 247 1711 Data
271 1667 290 1710 v
312 1651 396 1712 Idus
420 1651 598 1713 Decembr.
623 1669 642 1712 a
667 1651 793 1713 Pontio
817 1669 860 1712 ex
884 1651 1091 1713 Trebulano,

484 1914 898 1994 mmmmm

474 2054 628 2111 CICERO
648 2054 801 2111 ATTICO
823 2054 906 2109 SAL.

135 2189 147 2240 1
248 2180 409 2241 Maximis
438 2185 472 2242 et
504 2180 709 2241 miserrimis
736 2180 843 2241 rebus
866 2179 1110 2259 perturbatus,
1139 2197 1217 2239 cum

160 2286 278 2329 coram
301 2272 416 2329 tecum
432 2267 517 2329 mihi
541 2272 696 2347 potestas
720 2266 938 2329 deliberandi
955 2284 1025 2328 non
1042 2271 1140 2343 esset,
1165 2266 1216 2327 uti

160 2362 276 2417 tamen
303 2360 364 2418 tuo
393 2355 539 2417 consilio
569 2355 674 2416 volui.
721 2354 936 2417 Deliberatio
966 2360 1082 2417 autem
1106 2354 1218 2415 omnis

160 2444 245 2505 haec
269 2449 330 2520 est,
354 2443 383 2505 si
408 2443 594 2524 Pompeius
617 2443 720 2504 Italia
745 2443 900 2519 excedat,
927 2443 1123 2522 quodcum
1147 2440 1217 2504 iac-

160 2538 278 2593 turum
302 2549 377 2594 esse
401 2531 569 2611 suspicor,
599 2531 683 2611 quid
708 2531 793 2592 mihi
819 2531 992 2610 agendum
1017 2536 1126 2609 putes.
1172 2530 1218 2591 Et

160 2638 229 2700 quo
253 2619 392 2682 facilius
416 2620 599 2682 consilium
622 2620 707 2682 dare
724 2618 845 2699 possis,
869 2619 953 2698 quid
970 2618 1006 2679 in
1030 2623 1216 2697 utramque

159 2715 297 2788 partem
320 2708 404 2769 mihi
428 2708 466 2770 in
490 2714 639 2770 mentem
663 2708 792 2785 veniat,
816 2706 999 2786 explicabo
1023 2706 1133 2767 brevi.

132 2804 150 2856 2
248 2796 336 2858 Cum
359 2796 484 2858 merita
501 2796 644 2875 Pompei
668 2814 802 2857 summa
826 2813 912 2874 erga
934 2794 1082 2856 salutem
1105 2811 1218 2855 meam

159 2884 461 2964 familiaritasque,
486 2903 575 2964 quae
600 2883 684 2944 mihi
709 2902 786 2946 cum
811 2901 852 2944 eo
876 2889 937 2959 est,
967 2888 1042 2943 tum
1064 2881 1142 2961 ipsa
1165 2881 1218 2942 rei

160 2971 322 3052 publicae
350 2990 454 3034 causa
489 2990 543 3034 me
574 2972 731 3048 adducit,
762 2977 800 3032 ut
832 2970 916 3031 mihi
947 2969 1004 3032 vel
1034 2968 1218 3031 consilium

159 3078 274 3121 meum
299 3077 376 3121 oum
400 3060 495 3121 illius
520 3060 665 3122 consilio
680 3059 738 3121 vel
760 3058 904 3120 fortuna
921 3076 997 3119 mea
1021 3075 1099 3119 cum
1122 3056 1218 3117 illius

160 3148 303 3209 fortuna
329 3148 572 3228 coniungenda
597 3165 671 3209 esse
688 3147 861 3209 videatur.
895 3145 1038 3208 Accedit
1053 3144 1149 3205 illud.
1181 3141 1217 3204 Si

160 3254 284 3298 maneo
307 3235 464 3298 stillum
488 3236 692 3298 comitatum
716 3235 928 3314 optimorum
951 3239 986 3296 et
1010 3231 1218 3294 clarissimo·

160 3342 239 3386 rum
264 3324 394 3386 civium
418 3326 554 3400 desero,
583 3323 779 3385 cadendum
802 3328 854 3385 est
879 3322 917 3383 in
941 3322 1045 3383 unius
1068 3324 1219 3398 potesta-

160 3418 238 3474 tem.
285 3411 352 3483 Qui
377 3412 442 3474 etsi
466 3411 585 3474 multis
613 3411 720 3473 rebus
748 3409 927 3490 significat
956 3428 992 3471 se
1019 3407 1121 3470 nobis
1144 3426 1220 3470 esse

162 3500 311 3560 amicum
342 3501 403 3579 (et,
434 3505 473 3561 ut
501 3504 604 3576 esset,
634 3517 653 3560 a
682 3517 736 3560 me
765 3503 830 3575 est,
858 3503 933 3559 tute
961 3497 1043 3575 scis,
1074 3501 1219 3575 propter

161 3586 393 3665 suspicionem
410 3587 513 3647 huius
528 3586 763 3665 impendentis
779 3584 997 3664 tempestatis
1012 3584 1122 3646 multo
1139 3588 1220 3646 ante

161 3672 372 3750 provisum),
405 3679 522 3734 tamen
552 3677 741 3752 utrumque
769 3672 1063 3734 considerandum
1091 3677 1156 3748 est,
1185 3675 1220 3733 et
