2742 4075
531 164 570 219 ad
589 164 662 220 lam.
682 164 745 232 XV,
764 166 790 219 4.
1144 151 1185 210 41

128 324 287 387 Iconium
309 324 451 387 iaceret.
498 324 598 396 Quod
623 342 702 386 cum
731 324 860 386 abillo
885 324 1072 404 diligenter
1097 327 1214 386 esset3

128 412 274 489 iactum,
305 431 370 492 ego
398 412 435 473 in
465 418 580 475 castra
611 430 638 474 a.
669 413 699 473 d.
728 429 772 474 vu
803 412 841 473 K.
870 411 960 491 Sept.
990 412 1080 487 veni,
1108 430 1186 473 cum

127 501 263 561 interea
292 500 533 580 superioribus
564 500 688 562 diebus
717 518 760 562 ex
788 517 813 561 s.
842 517 868 562 c.
899 506 932 561 et
961 505 1185 561 evocatorum

128 587 271 649 firmam
295 606 436 649 manum
459 593 493 650 et
517 588 711 667 equitatum
727 605 810 649 sane
833 588 997 650 idoneum
1020 592 1054 650 et
1078 606 1185 668 popu·

128 676 244 737 lorum
268 675 460 738 liberorum
482 694 675 755 regumque
706 675 879 737 sociorum
910 675 1040 736 auxilia
1065 675 1186 737 volun·

128 763 221 825 taria
246 763 548 842 comparavissem.
581 763 737 839 Interim,
761 781 840 824 cum
856 763 1013 825 exercitu
1036 763 1186 825 lustrato

128 851 198 913 iter
221 850 258 911 in
282 850 439 913 Ciliciam
467 850 584 914 iacere
613 851 817 931 coepissem,
847 851 884 912 K.
909 850 1000 930 Sept.
1029 851 1135 931 legati
1166 870 1185 913 a

128 957 213 1018 rege
238 938 471 1018 Commageno
496 940 539 1000 ad
563 958 618 1001 me
646 938 743 1000 missi
773 939 1051 1017 pertumultuose
1074 957 1186 1018 neque

129 1033 245 1088 tamen
269 1045 339 1089 non
363 1045 446 1088 vere
461 1027 611 1089 Parthos
635 1027 672 1087 in
696 1026 835 1106 Syriam
858 1028 1026 1089 transisse
1050 1027 1186 1089 nuntia·

128 1120 274 1189 verunt;
306 1132 375 1193 quo
399 1114 519 1176 audito
543 1114 768 1176 vehementer
792 1133 868 1176 sum
892 1121 1084 1176 commotus
1108 1127 1214 1178 cuml

130 1202 172 1263 de
197 1201 299 1281 Syria
324 1207 397 1263 tum
422 1203 464 1264 de
488 1221 564 1264 mea
587 1202 781 1282 provincia,
811 1204 853 1264 de
876 1203 1012 1282 reliqua
1037 1203 1186 1282 denique

128 1289 220 1351 Asia.
266 1290 389 1369 Itaque
413 1290 605 1352 exercitum
629 1290 714 1351 mihi
740 1292 936 1352 ducendum
965 1309 1028 1370 per
1053 1290 1186 1371 Cappa·

129 1377 250 1439 dociae
273 1378 452 1457 regionem
476 1396 565 1455 eam,
598 1397 687 1457 quae
712 1378 870 1440 Ciliciam
895 1379 1098 1458 attingeret,
1125 1397 1186 1459 pu·

128 1464 211 1526 tavi.
257 1466 358 1541 Nam,
386 1467 415 1526 si
439 1485 493 1528 me
521 1466 558 1527 in
583 1465 742 1527 Ciliciam
771 1466 999 1540 demisissem,
1029 1466 1187 1528 Ciliciam

129 1553 271 1631 quidem
293 1554 407 1632 ipsam
430 1559 576 1633 propter
600 1554 729 1616 montis
749 1554 873 1615 Amani
897 1559 1061 1616 naturam
1084 1553 1187 1617 facile

129 1640 318 1702 tenuissem
344 1642 427 1720 (duo
444 1647 525 1703 sunt
541 1642 633 1703 enim
650 1642 766 1704 aditus
782 1642 818 1703 in
836 1641 994 1704 Ciliciam
1015 1660 1058 1703 ex
1075 1641 1187 1721 Syria,

131 1746 280 1806 quorum
303 1735 453 1808 uterque
476 1730 597 1809 parvis
621 1729 809 1809 praesidiis
836 1734 982 1809 propter
1007 1730 1188 1809 angustias

129 1815 317 1877 intercludi
349 1822 477 1895 potest,
512 1834 575 1878 nec
606 1821 658 1878 est
692 1817 879 1895 quicquam
911 1816 1032 1879 Cilicia
1064 1822 1187 1878 contra

131 1901 270 1982 Syriam
292 1903 485 1982 munitius),
508 1904 569 1965 sed
591 1922 646 1965 me
664 1903 886 1983 Cappadocia
901 1904 1073 1980 movebat,
1098 1922 1188 1983 quae

130 1995 228 2070 patet
252 2010 271 2052 a
296 1989 398 2072 Syria
422 2008 592 2071 regesque
620 1991 726 2054 habet
755 1991 938 2069 finitimos,
967 1992 1026 2072 qui
1051 1992 1186 2055 etiamsi

129 2085 211 2140 sunt
235 2079 324 2141 clam
348 2079 449 2142 amici
474 2080 583 2156 nobis,
607 2085 723 2141 tamen
749 2086 869 2160 aperte
890 2081 1031 2142 Parthis
1054 2081 1186 2142 inimici

129 2184 203 2229 esse
227 2185 297 2228 non
314 2168 452 2230 audent.
489 2168 613 2246 Itaque
637 2169 674 2229 in
691 2167 912 2247 Cappadocia
937 2174 1092 2231 extrema
1116 2188 1187 2231 non

129 2255 232 2334 longe
262 2273 281 2316 a
306 2256 422 2317 Tauro
452 2257 544 2334 apud
573 2255 742 2335 oppidum
772 2256 936 2337 Cybistra
965 2262 1080 2319 castra
1109 2257 1186 2333 feci,

129 2347 231 2405 utet
261 2341 419 2404 Ciliciam
447 2348 566 2405 tuerer
595 2348 629 2405 et
657 2343 917 2423 Cappadociam
944 2350 1066 2407 tenens
1094 2363 1185 2407 nova

129 2429 362 2492 finitimorum
386 2431 530 2492 consilia
553 2431 768 2510 impedirem.

217 2519 356 2580 Interea
382 2519 418 2579 in
434 2518 499 2579 hoc
516 2524 614 2580 tanto
628 2524 725 2580 motu
740 2524 908 2598 tantaque
928 2518 1214 2599 exspectatione5

129 2606 272 2667 maximi
296 2606 379 2668 belli
403 2624 466 2668 rex
491 2607 686 2683 Deiotarus,
711 2608 767 2668 cui
791 2625 861 2669 non
884 2609 959 2668 sine
983 2626 1088 2669 causa
1112 2608 1186 2686 plu·

129 2693 257 2755 rimum
280 2712 416 2773 semper
440 2699 474 2756 et
498 2712 574 2755 meo
598 2699 632 2756 et
661 2701 722 2756 tuo
746 2700 780 2756 et
808 2701 948 2757 senatus
971 2694 1102 2757 iudicio
1126 2695 1187 2755 tri·

129 2781 253 2842 butum
269 2788 330 2859 est,
347 2782 402 2843 vir
420 2800 498 2843 cum
514 2782 758 2844 benevolentia
775 2789 808 2844 et
828 2783 900 2844 iide
917 2801 1001 2861 erga
1019 2782 1186 2861 populum

130 2870 167 2932 R„
192 2869 363 2948 singulari
388 2874 462 2930 tum
486 2871 681 2949 praestanti
705 2871 946 2950 magnitudine
963 2875 997 2932 et
1022 2870 1127 2931 animi
1152 2877 1186 2932 et

130 2956 282 3034 consilii,
310 2957 444 3037 legatos
474 2958 519 3019 ad
549 2976 603 3019 me
631 2958 726 3018 misit
755 2976 790 3020 se
819 2975 896 3019 cum
925 2958 1086 3020 omnibus
1114 2960 1186 3020 suis

130 3044 241 3124 copiis
264 3045 301 3106 in
317 3063 393 3107 mea
410 3050 525 3107 castra
542 3063 616 3108 esse
633 3050 828 3107 venturum.
865 3045 972 3107 Cuius
989 3065 1053 3126 ego
1070 3047 1186 3109 studio

129 3131 319 3211 officioque
344 3138 535 3195 commotus
552 3133 608 3212 egi
633 3134 663 3196 ei
681 3151 744 3213 per
766 3133 902 3195 litteras
923 3135 1057 3213 gratias
1081 3135 1186 3214 idque

128 3225 167 3281 ut
190 3225 385 3282 maturaret
409 3221 571 3283 hortatus
591 3238 675 3282 sum.
711 3220 797 3283 Cum
819 3227 935 3283 autem
960 3223 1004 3284 ad
1021 3221 1214 3303 Cybistra6

129 3313 274 3387 propter
297 3310 470 3371 rationem
495 3308 577 3370 belli
602 3310 756 3388 quinque
785 3309 859 3370 dies
887 3327 997 3372 essem
1021 3315 1186 3384 moratus,

128 3414 248 3475 regem
264 3396 548 3471 Ariobarzanem,
572 3397 670 3458 cuius
695 3396 843 3458 salutem
867 3403 1025 3459 asenatu
1049 3403 1083 3458 te
1108 3413 1185 3457 auc·

128 3488 205 3545 tore
240 3486 516 3547 commendatam
548 3483 737 3560 habebam,
770 3484 1014 3563 praesentibus
1048 3483 1186 3545 insidiis

129 3572 395 3651 necopinantem
417 3571 566 3634 liberavi
591 3589 704 3650 neque
727 3571 840 3632 solum
856 3572 886 3633 ei
911 3572 1016 3633 saluti
1040 3570 1101 3648 fui,
1125 3572 1185 3633 sed

127 3659 233 3720 etiam
257 3661 389 3736 curavi,
413 3667 452 3721 ut
475 3677 553 3721 cum
584 3659 794 3721 auctoritate
818 3665 993 3738 regnaret.
1039 3659 1186 3719 Metram
