2742 4075
170 143 211 205 28
616 171 625 186 ·
656 159 743 226 1,1e.

169 336 374 396 regnorum,
397 336 509 400 neque
534 335 619 379 vero
642 317 707 379 hac
731 318 767 378 in
791 336 896 380 causa
920 319 1036 394 mod0,
1063 317 1124 378 sed
1148 333 1230 377 oon·

143 410 304 469 8stanter
335 423 438 485 saepe
466 405 502 465 in
531 412 662 467 senatu.
710 404 803 476 Quin
832 405 936 468 etiam
960 404 1164 467 Marcellino
1193 410 1230 466 ct

170 493 334 572 Philippo
358 493 559 554 consulibus
575 494 683 555 Nonis
701 492 882 572 Aprilibus
905 494 990 554 mihi
1010 496 1062 555 cst
1085 496 1229 555 senatus

171 598 340 657 assensus,
369 588 408 642 ut
432 581 475 643 de
500 599 586 660 agro
610 580 789 659 Campano
812 581 990 660 frequenti
1012 585 1136 642 senatu
1159 580 1228 641 ldi-

170 668 235 729 bus
264 668 366 729 Maiis
393 668 597 730 referretur.
654 669 745 730 Num
773 670 872 748 potui
901 669 1013 748 magis
1043 668 1081 730 in
1112 686 1230 729 arcem

169 755 265 817 illius
289 774 413 818 causae
437 756 605 818 invadere
630 761 690 817 aut
713 758 826 836 magis
850 757 1010 818 oblivisci
1031 762 1229 835 temporum

169 861 335 921 meorum,
363 844 559 906 meminisse
585 844 786 906 actionum?
833 845 909 905 Hac
934 863 953 905 a
976 863 1031 906 me
1055 844 1227 905 sententia

171 930 264 992 dicta
288 950 436 1011 magnus
453 932 650 993 animorum
665 938 780 994 motus
796 939 848 995 est
864 931 979 993 factus
1003 950 1081 993 cum
1098 950 1226 1008 eorum,

171 1037 320 1098 quorum
344 1020 514 1100 oportuit,
543 1026 617 1081 tum
639 1020 782 1082 illorum
810 1020 928 1097 etiam,
958 1038 1108 1099 quorum
1132 1037 1226 1080 num-

143 1119 276 1186 9quam
299 1113 470 1186 putaram.
509 1108 597 1168 Nam
620 1108 685 1170 hoc
706 1113 847 1170 senatus
872 1108 1031 1170 consulto
1054 1108 1091 1168 in
1115 1125 1226 1168 meam

170 1196 379 1256 sententiam
401 1195 496 1257 iacto
512 1196 707 1274 Pompeius,
722 1214 801 1258 cum
814 1196 900 1256 mihi
916 1196 1004 1257 nihil
1020 1195 1227 1257 ostendisset

170 1300 207 1343 se
235 1301 309 1345 esse
339 1283 526 1361 offensum,
555 1284 591 1344 in
615 1283 814 1345 Sardiniam
843 1290 877 1345 et
907 1284 943 1345 in
968 1282 1125 1344 Africam
1149 1301 1227 1362 pro·

170 1370 283 1432 fectus
314 1376 366 1432 est
394 1389 504 1450 eoque
531 1372 657 1433 itinere
681 1372 811 1433 Lucam
841 1372 885 1433 ad
910 1371 1095 1433 Caesarem
1122 1370 1227 1433 venit.

170 1458 224 1519 Ibi
240 1459 350 1520 multa
368 1459 501 1520 demea
519 1459 691 1521 sententia
708 1465 851 1538 questus
868 1465 920 1521 est
936 1459 1074 1536 Caesar,
1098 1458 1228 1538 quippe

172 1546 231 1625 qui
256 1546 361 1608 etiam
377 1548 565 1608 Ravennae
586 1546 751 1608 Crassum
776 1553 856 1609 ante
879 1547 1025 1609 vidisset
1050 1547 1093 1608 ab
1118 1565 1228 1625 eoque

170 1634 207 1695 in
234 1653 288 1696 me
317 1642 406 1696 esset
439 1635 609 1696 incensus.
665 1635 755 1697 Sane
787 1636 931 1697 moleste
959 1634 1163 1713 Pompeium
1190 1634 1228 1695 id

170 1720 264 1783 ferre
289 1723 472 1784 constabat
480 1743 488 1798 ;
525 1723 618 1802 quod
649 1741 723 1802 ege,
755 1741 833 1784 cum
865 1722 1039 1784 audissem
1067 1741 1109 1784 ex
1139 1721 1227 1798 aliis,

169 1810 319 1873 maxime
336 1829 378 1873 ex
395 1830 471 1873 meo
488 1811 600 1873 fratre
617 1811 776 1891 cognovi.
801 1811 910 1882 Quem
924 1828 1002 1871 cum
1014 1811 1051 1871 in
1064 1807 1226 1871 Sardinia

170 1899 355 1978 Pompeius
379 1899 501 1979 paucis
517 1905 596 1978 post
620 1900 753 1977 diebus,
778 1917 882 1978 quam
899 1899 993 1959 Luca
1011 1898 1228 1973 discesserat,

170 1988 397 2063 convenisset,
423 1985 484 2065 ‘te’,
507 1988 631 2067 inquit,
655 1987 800 2067 ‘ipsum
816 1986 955 2067 cupio;
980 1985 1087 2047 nihil
1111 2002 1228 2064 opor-

169 2075 312 2136 tunius
336 2076 475 2154 potuit
500 2076 700 2137 accidere.
729 2076 819 2137 Nisi
835 2094 923 2137 cum
938 2073 1229 2136 Marcofratre

171 2161 401 2240 diligenter
419 2162 573 2241 egeris,
598 2162 913 2241 dependendum
929 2162 1007 2224 tibi
1024 2167 1094 2238 est,
1119 2162 1228 2240 quod

169 2249 268 2309 mihi
293 2268 367 2328 pro
390 2250 468 2311 illo
492 2249 779 2329 spopondisti.
810 2250 903 2322 Quid
926 2251 1059 2312 multa?
1085 2254 1229 2328 questus

170 2341 222 2398 est
245 2338 421 2415 graviter;
448 2356 511 2399 sua
527 2338 653 2399 merita
669 2338 971 2413 commemoravit;
998 2337 1082 2417 quid
1099 2337 1228 2416 egisset

170 2424 371 2504 saepissime
400 2426 442 2487 de
473 2427 560 2488 actis
589 2425 750 2488 Caesaris
781 2444 859 2490 cum
893 2427 970 2505 ipso
1001 2444 1077 2488 meo
1106 2424 1227 2502 fratrc,

170 2513 325 2591 quidque
353 2513 420 2575 sibi
449 2514 479 2575 is
507 2514 550 2576 de
579 2532 633 2575 me
656 2515 859 2594 recepisset,
889 2515 926 2574 in
948 2513 1152 2575 memoriam
1174 2531 1227 2574 re-

171 2600 266 2679 degit
295 2618 416 2680 seque,
446 2620 535 2681 quae
564 2603 606 2663 de
634 2621 711 2664 mea
740 2603 851 2664 salute
875 2602 1017 2681 egisset,
1045 2602 1228 2663 voluntate

170 2688 331 2750 Caesaris
365 2689 478 2768 egisse
512 2690 628 2768 ipsum
662 2709 777 2752 meum
807 2690 955 2751 fratrem
987 2694 1136 2751 testatus
1166 2694 1227 2750 est.

170 2776 277 2838 Cuius
307 2795 447 2838 causam
476 2777 753 2857 dignitatemque
782 2778 867 2839 mihi
896 2784 935 2839 ut
959 2776 1227 2852 commendaret,

169 2865 325 2943 rogavit,
356 2870 401 2925 ut.
419 2883 495 2926 eam
519 2885 562 2928 ne
587 2884 842 2946 oppugnarem,
866 2865 896 2926 si
920 2865 1048 2927 nollem
1073 2870 1133 2926 aut
1158 2882 1228 2926 non

126 2961 160 3013 10
169 2969 306 3030 possem
330 2952 430 3014 tueri.
471 2954 567 3016 Haec
590 2972 668 3015 cum
689 2955 733 3015 ad
756 2972 811 3015 me
834 2953 942 3016 frater
966 2952 1170 3032 pertulisset
1194 2957 1228 3014 et

171 3057 249 3100 cum
273 3044 389 3101 tamen
406 3041 592 3121 Pompeius
610 3043 654 3103 ad
677 3061 732 3104 me
749 3060 827 3103 cum
843 3041 1018 3103 mandatis
1035 3039 1228 3102 Vibullium

169 3126 333 3205 misisset,
368 3133 406 3190 ut
438 3129 616 3210 integrum
648 3130 733 3190 mihi
764 3131 807 3191 de
839 3147 943 3191 causa
973 3128 1151 3208 Campana
1183 3128 1228 3189 ad

170 3234 270 3277 suum
298 3217 451 3278 reditum
480 3236 715 3294 reservarem,
745 3217 870 3296 collegi
899 3218 974 3296 ipse
1002 3235 1056 3278 me
1084 3221 1118 3278 et
1149 3234 1229 3277 cum

169 3304 245 3383 ipsa
270 3305 370 3383 quasi
394 3324 433 3367 re
458 3306 599 3384 publica
630 3305 823 3366 collocutus
852 3324 942 3382 sum,
973 3311 1012 3366 ut
1040 3304 1126 3365 mihi
1155 3309 1228 3365 tam

168 3393 279 3453 multa
303 3411 368 3471 pro
385 3411 421 3454 se
437 3410 604 3472 perpesso
622 3397 727 3470 atque
743 3392 930 3471 perfuncto
950 3392 1164 3468 concederet,
1188 3397 1228 3452 ut

169 3479 328 3541 officium
351 3499 466 3542 meum
482 3497 740 3558 memoremque
755 3480 793 3541 in
808 3481 896 3543 bene
913 3481 1056 3542 meritos
1074 3480 1226 3541 animum

169 3566 346 3646 iidemque
358 3567 482 3629 fratris
495 3568 562 3630 mei
575 3573 802 3646 praestarem,
814 3587 970 3647 eumque,
982 3586 1084 3647 quem
1096 3568 1228 3629 bonum

170 3654 282 3715 civem
299 3673 434 3734 semper
451 3655 640 3733 habuisset,
664 3656 795 3718 bonum
810 3656 928 3718 virum
944 3674 1018 3718 esse
1035 3660 1227 3735 pateretur.
