2742 4075
182 181 224 242 36
668 196 694 264 Ι,
714 198 756 251 16.

183 356 289 417 etiam
303 355 355 417 rei
372 355 534 434 publicae
554 355 753 417 rationibus
769 362 888 434 putem
903 355 1114 431 conducere;
1142 375 1255 436 aper-

184 445 253 505 tius
284 450 400 504 autem
428 444 513 504 haec
546 461 611 522 ago
644 462 683 505 ae
713 444 867 522 saepius,
896 443 990 522 quod
1019 449 1052 505 et
1081 443 1255 522 QuintuS,

183 531 295 593 frater
324 550 434 607 meus,
464 531 600 610 legatus
629 537 681 592 est
706 530 867 610 Caesaris
901 536 935 592 et
963 531 1098 593 nullum
1126 550 1254 594 meum

183 620 364 680 minimum
401 619 547 696 dictum,
583 637 652 680 non
682 619 786 680 modo
819 618 961 694 factum,
996 637 1061 697 pro
1090 618 1252 683 Caesare

183 707 389 783 intercessit,
413 707 506 785 quod
526 707 585 768 ille
600 726 670 768 non
694 707 744 768 ita
761 706 890 767 illustri
912 707 1029 786 gratia
1054 709 1252 786 exceperit,

183 800 221 856 ut
252 812 317 873 ego
345 813 423 855 eum
452 794 537 855 mihi
567 794 767 856 devinctum
797 800 967 873 putarem.
1013 796 1137 874 Itaque
1167 796 1251 858 eius

183 882 277 943 omni
301 886 335 943 et
359 882 484 961 gratia,
509 900 598 961 quae
622 901 756 943 summa
779 889 840 958 est,
864 887 898 944 et
921 882 1055 961 opibus,
1080 902 1167 962 quas
1193 885 1250 945 in·

183 969 320 1049 tellegis
349 988 423 1031 esse
451 971 635 1047 maximae,
668 971 718 1031 sic
746 969 847 1031 fruor
876 975 915 1032 ut
950 970 1034 1031 meis
1064 989 1126 1032 nec
1156 973 1249 1033 milri

184 1058 286 1120 aliter
316 1057 471 1136 potuisse
499 1058 621 1119 videor
651 1058 830 1119 hominum
863 1058 1081 1136 perditorum
1116 1060 1158 1121 de
1187 1079 1248 1121 me

184 1146 329 1207 consilia
346 1145 521 1225 frangere,
538 1146 605 1207 nisi
623 1163 701 1206 cum
718 1145 905 1224 praesidiis
921 1145 973 1222 iis,
998 1164 1087 1224 quae
1104 1164 1248 1226 semper

183 1233 299 1310 habui,
328 1252 419 1295 nunc
443 1233 549 1295 etiam
573 1233 768 1312 potentium
793 1233 1072 1297 benevolentiam
1098 1235 1245 1296 coniun-

184 1322 319 1383 xissem.

138 1426 174 1478 22
272 1410 337 1470 His
361 1427 425 1487 ego
443 1409 606 1485 consiliis,
630 1409 659 1470 si
676 1415 710 1470 te
734 1416 954 1488 praesentem
970 1408 1178 1487 habuissem,
1203 1417 1245 1472 ut

184 1497 302 1576 opinio
327 1515 403 1558 mea
426 1496 505 1573 fert,
530 1515 638 1559 essem
664 1515 747 1558 usus
771 1496 910 1571 iisdem,
937 1496 1019 1558 novi
1042 1497 1134 1559 enim
1158 1504 1243 1560 tem-

184 1585 380 1664 perantiam
404 1591 438 1646 et
461 1585 738 1646 moderationem
766 1590 914 1645 naturae
938 1591 1033 1661 tuae,
1061 1586 1144 1647 novi
1170 1588 1242 1647 ani·

183 1692 278 1733 mum
309 1691 387 1734 cum
415 1672 500 1733 mihi
530 1672 778 1734 amicissimum
807 1677 881 1733 tum
914 1672 1010 1732 nulla
1039 1673 1076 1734 in
1107 1679 1243 1735 ceteros

185 1760 429 1823 malevolentia
466 1759 640 1822 suffusum
672 1766 865 1838 contraque
898 1778 976 1821 cum
1009 1778 1173 1839 magnum
1207 1768 1240 1823 et

184 1850 359 1911 excelsum
383 1855 457 1910 tum
481 1849 586 1910 etiam
611 1855 771 1928 apertum
789 1852 822 1909 et
847 1848 1047 1927 simplicem.
1078 1849 1158 1911 Vidi
1175 1868 1240 1928 ego

184 1938 354 2016 quosdam
377 1938 415 1997 in
438 1943 472 1999 te
495 1937 585 2012 talis,
616 1937 731 2016 qualis
755 1941 794 1998 tu
818 1936 956 1998 eosdem
980 1936 1017 1996 in
1041 1955 1095 1998 me
1119 1936 1239 1999 videre

184 2026 345 2105 potuisti:
372 2044 461 2105 quae
477 2044 531 2086 me
547 2029 743 2101 moverunt,
766 2024 958 2086 movissent
975 2024 1096 2087 eadem
1112 2030 1146 2087 te
1161 2044 1239 2105 pro·

183 2114 283 2174 fecto.
331 2113 407 2188 Sed,
432 2131 651 2191 quocumque
675 2118 833 2190 tempore
854 2112 939 2173 mihi
962 2119 1118 2192 potestas
1141 2132 1238 2193 prae·

184 2200 293 2261 sentis
305 2200 357 2261 tui
370 2199 487 2276 fuerit,
498 2205 537 2260 tu
550 2201 618 2262 eris
632 2199 787 2261 omnium
801 2201 1001 2262 moderator
1014 2201 1239 2263 consiliorum

183 2306 354 2364 meorum,
383 2287 448 2348 tibi
472 2288 539 2348 erit
563 2288 688 2364 eidem,
718 2287 774 2348 cui
803 2288 896 2349 salus
925 2307 1001 2350 mea
1025 2288 1106 2366 fuit,
1136 2289 1238 2351 etiam

184 2375 339 2454 dignitas
363 2393 484 2436 curae:
519 2394 574 2437 me
602 2376 743 2455 quidem
767 2382 861 2437 certe
889 2383 1031 2438 tuarum
1056 2377 1238 2454 actionum,

183 2463 450 2539 sententiarum,
483 2464 719 2540 voluntatum,
752 2482 871 2525 rerum
903 2465 1054 2544 denique
1087 2465 1239 2527 omnium

183 2550 316 2613 socium
341 2550 570 2630 comitemque
586 2552 742 2628 habebis,
766 2569 878 2630 neque
895 2552 979 2613 mihi
997 2553 1033 2613 in
1057 2554 1151 2614 omni
1166 2552 1237 2614 vita

182 2657 239 2701 res
264 2645 335 2700 tam
359 2639 426 2700 erit
450 2640 521 2700 ulla
549 2639 745 2719 proposita,
775 2657 879 2718 quam
908 2646 947 2701 ut
971 2641 1114 2702 cottidie
1138 2640 1237 2702 vehe-

183 2728 334 2789 mentius
358 2733 391 2788 te
416 2728 534 2789 deme
560 2728 690 2807 optime
714 2727 878 2788 meritum
902 2746 976 2790 esse
1000 2729 1138 2791 laetere.

139 2815 173 2868 23
272 2815 374 2887 Quod
401 2833 520 2893 rogas,
549 2821 588 2877 ut
616 2834 693 2877 mea
722 2814 786 2877 tibi
816 2816 948 2894 scripta
972 2816 1122 2893 mittam,
1152 2835 1238 2896 quae

183 2909 262 2982 post
287 2903 476 2964 discessum
492 2908 591 2965 tuum
612 2903 822 2983 scripserim,
847 2911 927 2965 sunt
944 2904 1121 2966 orationes
1138 2923 1237 2983 quae·

185 2992 273 3066 dam,
299 3008 386 3069 quas
402 2990 594 3053 Menocrito
614 2991 715 3067 debe,
739 3009 852 3069 neque
867 2992 917 3053 ita
941 2992 1080 3068 multae,
1103 3011 1147 3053 ne
1163 3010 1237 3071 per·

184 3077 353 3139 timescas.
389 3078 521 3158 Scripsi
538 3079 642 3141 etiam
668 3079 763 3157 (nam
780 3079 933 3140 animum
960 3080 1004 3141 ab
1021 3079 1237 3141 orationibus

184 3165 330 3245 diiungo
354 3164 429 3228 iere
453 3167 639 3246 referoque
664 3167 709 3228 ad
732 3167 985 3229 mansuetiores
1001 3168 1127 3245 Musas,
1151 3185 1237 3246 quae

183 3273 238 3316 me
262 3253 412 3316 maxime
437 3255 526 3317 sicut
549 3256 619 3317 iam
644 3273 662 3316 a
686 3254 800 3333 prima
833 3255 1068 3317 adulescentia
1094 3256 1236 3318 delecta·

183 3343 282 3421 runt)
298 3380 339 3386 -
351 3342 477 3421 scripsi
492 3344 602 3422 igitur
614 3342 818 3404 Aristotelio
830 3362 935 3420 more,
949 3344 1236 3422 quemadmodum

185 3431 325 3510 quidem
350 3430 455 3508 volui,
486 3437 557 3493 tres
581 3431 691 3492 libros
715 3432 751 3491 in
776 3431 1012 3510 disputatione
1036 3449 1076 3493 ac
1100 3431 1236 3509 dialogo

187 3520 252 3580 ‘de
276 3519 470 3596 oratore',
502 3537 588 3598 quos
620 3518 776 3580 arbitror
799 3519 947 3581 Lentulo
975 3525 1036 3581 tuo
1064 3518 1141 3581 fore
1172 3537 1236 3580 non

184 3605 336 3681 inutilis;
374 3606 565 3669 abhorrent
598 3607 689 3668 enim
719 3626 738 3668 a
772 3605 1012 3668 communibus
1043 3606 1236 3686 praeceptis

186 3697 291 3770 atque
315 3710 451 3754 omnem
482 3696 707 3775 antiquorum
731 3699 764 3754 et
788 3692 1026 3755 Aristoteliam
1050 3700 1085 3755 et
1107 3695 1235 3756 Isocra-
