2742 4075
267 128 325 160 *³⁰
399 148 442 168 ἱ.
482 128 615 180 ’;,ἶο..σ

637 219 646 233 ι

193 196 314 296 2::::
329 231 492 293 ²⁸2⁸·0ntz
536 241 588 289 τ’.
621 234 630 244 ·
654 210 758 279 ²192·

187 287 390 328 μ..Νιθΐθζ
415 286 492 318 '⁰¹0
536 283 594 322 ,ι’

194 368 257 430 iri’.
307 368 408 440 Quod
432 370 626 431 cuiusmodi
650 370 705 446 sit,
736 369 821 431 satis
852 369 1056 449 intellegere
1080 387 1151 430 nou
1174 388 1257 449 pos·

195 475 285 533 sum,
314 457 374 519 sed
403 464 519 519 tamen
547 457 706 537 suspicor
738 458 782 520 ad
811 463 845 519 te
869 475 943 519 esse
968 456 1113 518 allatum
1137 457 1251 519 mein

195 550 329 622 senatu,
355 563 433 606 cum
458 545 676 624 disputarem
699 545 893 625 permultos
915 563 1003 622 esse,
1032 545 1092 624 qui
1120 563 1196 607 rem
1219 564 1255 625 p..

195 651 214 693 a
238 650 293 694 me
317 638 560 694 conservatam
585 632 754 708 dolerent,
778 633 907 695 dixisse
932 652 951 694 a
975 638 1010 694 te
1033 632 1257 712 propinquos-

194 727 282 795 tuos,
307 721 434 798 quibus
457 739 587 799 negare
611 739 681 782 non
702 720 884 799 potuisses,
906 720 1123 799 impetrasse,
1146 725 1185 781 ut
1201 739 1256 798 ea,

195 826 284 886 quae
308 808 489 870 statuisses
513 808 577 869 tibi
601 808 638 869 in
662 813 786 870 senatu
810 808 951 870 demea
975 807 1079 870 laude
1103 826 1177 870 esse
1201 808 1250 869 di-

194 896 313 972 cenda,
336 896 510 958 reticeres.
556 895 657 967 Quod
682 914 761 957 cum
789 896 953 970 dicerem,
984 894 1072 957 illud
1097 895 1256 972 adiunxi,

194 983 279 1043 mihi
301 989 416 1045 tecum
439 984 488 1045 ita
513 984 738 1063 dispertitum
762 983 920 1045 officium
950 983 1058 1045 fuisse
1082 983 1119 1043 in
1142 983 1194 1043 rei
1218 1002 1250 1062 p.

194 1071 306 1133 salute
329 1072 522 1148 retinenda,
546 1077 585 1133 ut
610 1089 674 1150 ego
699 1072 822 1132 urbem
847 1089 865 1132 a
890 1071 1089 1132 domesticis
1112 1070 1255 1132 insidiis

194 1164 228 1220 et
252 1159 296 1220 ab
319 1159 485 1220 intestino
510 1159 648 1236 scelere,
673 1164 711 1220 tu
735 1158 875 1220 Italiam
898 1164 932 1220 et
955 1159 998 1220 ab
1024 1158 1168 1220 armatis
1191 1158 1249 1219 ho·

194 1247 306 1308 stibus
334 1255 368 1307 et
398 1248 442 1308 ab
466 1247 602 1308 occulta
631 1246 873 1308 coniuratione
897 1245 1115 1324 defenderes,
1146 1251 1255 1324 atque

194 1334 283 1395 hano
307 1341 463 1395 nostram
486 1334 576 1396 tanti
605 1340 639 1395 et
663 1340 734 1395 tam
763 1334 938 1413 praeclari
967 1334 1121 1394 muneris
1145 1332 1249 1395 socie·

194 1428 301 1483 tatem
331 1440 350 1483 a
379 1422 449 1483 tuis
477 1422 686 1501 propinquis
715 1421 977 1498 labefactatam,
1006 1421 1080 1500 qui,
1110 1439 1188 1482 cum
1211 1427 1250 1482 tu

194 1528 213 1570 a
250 1528 304 1570 me
342 1511 448 1572 rebus
484 1509 708 1588 amplissimis
746 1515 850 1588 atque
886 1509 1253 1570 honorificentissimis

193 1602 339 1658 ornatus
363 1615 468 1674 esses,
493 1597 704 1675 timuissent,
733 1616 776 1659 ne
800 1614 889 1675 quae
913 1596 997 1657 mihi
1022 1614 1106 1675 pars
1130 1597 1193 1658 abs
1215 1601 1249 1657 te

166 1684 386 1746 avoluutatis
409 1690 550 1747 mutuae
574 1685 799 1747 tribueretur.
836 1685 912 1746 Hoc
935 1684 971 1745 in
996 1702 1155 1746 sermone
1171 1702 1249 1745 cum

123 1832 128 1836 ⁴
194 1790 213 1832 a
237 1790 292 1834 me
315 1778 560 1851 exponeretur,
584 1791 674 1852 quae
697 1791 773 1833 mea
798 1771 1013 1852 exspectatio
1028 1771 1153 1833 fuisset
1173 1790 1249 1833 ora·

193 1860 298 1921 tionis
322 1865 402 1922 tuae
427 1867 627 1940 quantoque
651 1860 688 1921 in
710 1878 831 1922 errore
853 1865 1014 1941 versatus
1030 1877 1149 1937 essem,
1173 1859 1250 1921 visa

192 1953 244 2009 est
273 1948 387 2009 oratio
415 1966 485 2009 uon
513 1948 719 2024 iniucunda,
748 1953 782 2009 et
810 1947 996 2010 mediocris
1026 1947 1167 2026 quidam
1197 1954 1251 2008 est

191 2035 285 2097 risus
316 2043 522 2097 consecutus
552 2054 622 2097 non
652 2038 690 2097 in
720 2042 768 2112 te,
799 2037 859 2098 sed
888 2035 1000 2114 magis
1028 2034 1065 2097 in
1093 2054 1248 2098 errorem

192 2141 315 2199 meum,
340 2129 374 2184 et
398 2124 492 2202 quod
515 2141 569 2184 me
593 2124 655 2184 abs
680 2129 714 2185 te
731 2123 867 2201 cupisse
891 2124 1030 2186 laudari
1055 2129 1175 2202 aperte
1200 2129 1249 2185 at·

193 2228 261 2288 que
289 2210 440 2289 ingenue
468 2210 673 2272 confitebar.
719 2211 794 2271 Iam
822 2211 887 2272 hoc
916 2230 986 2273 non
1016 2217 1131 2291 potest
1154 2211 1191 2271 in
1215 2217 1250 2272 te

192 2315 262 2358 non
286 2297 480 2361 honorifice
509 2316 584 2359 esse
615 2298 760 2374 dictum,
789 2317 843 2360 me
871 2298 908 2359 in
936 2299 1140 2360 clarissimis
1163 2299 1250 2361 meis

193 2391 298 2464 atque
323 2385 545 2464 amplissimis
568 2386 674 2446 rebus
703 2391 819 2447 tamen
844 2385 986 2465 aliquod
1010 2387 1246 2448 testimonium

192 2478 273 2534 tuae
297 2474 394 2534 vocis
417 2473 547 2535 habere
571 2474 731 2535 voluisse.

165 2571 182 2624 3
281 2560 381 2632 Quod
411 2567 525 2623 autem
553 2561 602 2623 ita
636 2561 762 2622 scribis
801 2562 875 2639 ‘pro
909 2567 1030 2623 mutuo
1063 2562 1155 2623 inter
1186 2580 1249 2623 nos

193 2648 326 2725 animo',
355 2648 440 2728 quid
469 2654 506 2709 tu
535 2649 713 2710 existimes
743 2667 816 2710 esse
839 2649 877 2709 in
902 2649 1055 2710 amicitia
1081 2655 1248 2726 mutuum,

192 2737 318 2813 nescio,
343 2736 503 2814 equidem
523 2736 588 2798 hoc
606 2736 771 2814 arbitror,
796 2755 874 2798 cum
898 2755 963 2816 par
980 2738 1144 2798 voluntas
1161 2737 1247 2798 acci-

192 2825 288 2903 pitur
312 2830 347 2885 et
369 2823 539 2886 redditur.
586 2825 662 2903 Ego
687 2824 715 2885 si
740 2825 805 2885 hoc
830 2825 957 2899 dicam,
981 2843 1035 2886 me
1058 2830 1119 2886 tua
1143 2843 1247 2886 causa

192 2910 469 2991 praetermisisse
482 2912 711 2991 provinciam,
726 2912 791 2973 tibi
808 2912 875 2991 ipsi
892 2912 1004 2974 levior
1018 2912 1140 2974 videar
1156 2930 1243 2985 esse;

191 3017 288 3061 meae
312 2999 404 3061 enim
427 3000 581 3061 rationes
601 3000 651 3061 ita
675 3000 833 3061 tulerunt
858 3005 962 3079 atque
983 3000 1058 3062 eius
1080 3000 1148 3061 mei
1170 3019 1245 3062 con·

191 3087 261 3149 silii
285 3087 453 3148 maiorem
468 3087 505 3149 in
525 3088 598 3150 dies
615 3087 773 3166 singulos
789 3087 943 3149 fructum
960 3088 1246 3167 voluptatemque

191 3175 308 3254 capio:
333 3174 420 3236 illud
438 3175 524 3252 dico,
548 3194 611 3253 me,
634 3180 674 3236 ut
697 3175 851 3253 primum
867 3175 904 3236 iu
920 3176 1082 3237 contione
1106 3176 1244 3254 provin·

191 3263 280 3325 ciam
312 3262 547 3341 deposuerim,
582 3263 715 3339 statim,
748 3263 1039 3342 quemadmodum
1074 3281 1150 3325 eam
1183 3263 1243 3325 tibi

190 3351 375 3426 traderem,
399 3351 555 3429 cogitare
580 3350 742 3429 coepisse.
782 3351 876 3412 Nihil
901 3351 979 3413 dico
997 3352 1039 3414 de
1063 3349 1244 3413 sortitione

190 3444 325 3500 vestra:
358 3444 493 3499 tantum
518 3443 551 3500 te
576 3438 747 3517 suspicari
772 3439 861 3517 volu,
885 3438 973 3499 nihil
997 3439 1034 3499 in
1058 3457 1098 3501 ea
1121 3457 1161 3499 re
1184 3457 1244 3517 per

191 3526 360 3605 collegam
383 3544 498 3588 meum
514 3545 568 3588 me
585 3526 754 3589 insciente
778 3545 853 3589 esse
869 3526 1009 3588 factum.
1048 3526 1244 3590 Recordare

191 3619 320 3692 cetera,
351 3633 455 3693 quam
484 3614 553 3677 cito
582 3620 741 3677 senatum
768 3614 830 3676 illo
860 3614 916 3676 die
944 3614 1038 3677 facta
1062 3613 1244 3676 sortitione

190 3702 378 3781 coegerim,
403 3721 507 3781 quam
531 3704 640 3766 multa
665 3703 708 3764 de
732 3709 769 3764 te
792 3702 901 3764 verba
925 3701 1082 3780 fecerim,
1107 3720 1186 3763 cum
1208 3708 1241 3763 tu
