2742 4075
509 153 513 156 ’
564 193 603 248 aa
622 192 696 247 fam.
715 192 740 259 1,
759 195 786 247 e.
869 185 874 194 ¹
1155 177 1197 237 37

143 361 234 415 team
248 354 421 415 rationem
434 353 626 415 oratoriam
639 352 926 431 complectuntur.
948 351 1078 431 Scripsi
1092 351 1198 412 etiam

143 441 304 503 versibus
333 447 405 503 tres
433 440 543 502 libros
567 441 627 501 *de
656 441 919 519 temporibus
947 439 1075 514 meis';
1111 457 1198 518 quos

142 530 212 590 iam
228 530 365 608 pridem
383 529 427 590 ad
443 535 476 591 te
492 528 670 604 misissem,
695 527 723 589 si
741 546 815 590 esse
832 528 984 590 edendos
1000 533 1195 606 putassem;

143 623 224 678 sunt
247 617 339 678 enim
363 622 469 679 testes
485 622 519 677 et
543 621 646 677 erunt
665 616 867 694 sempiterni
885 615 1091 677 meritorum
1113 633 1198 694 erga

142 724 196 766 me
220 710 361 766 tuorum
384 722 550 783 meaeque
573 703 731 783 pietatis;
765 704 835 781 sed,
859 703 941 783 quia
962 703 1112 765 verebar
1128 720 1198 764 non

68 787 70 791 ’
143 811 211 869 eos,
235 792 294 871 qui
313 810 355 854 -se
379 792 491 854 laesos
509 792 769 853 arbitrarentur
791 791 933 870 (etenim
948 791 984 852 id
1008 790 1076 852 feci
1092 808 1199 869 parce

144 887 178 941 et
201 880 377 958 molliter),
401 881 462 941 sed
478 898 546 955 eos,
571 897 657 958 quos
678 886 754 940 erat
779 879 957 940 infinitum
974 879 1062 940 bene
1086 879 1129 939 de
1144 896 1198 939 me

142 968 286 1030 meritos
315 968 426 1030 omnis
455 967 651 1042 nominare,
680 967 783 1028 edere
808 967 913 1027 nolui.
961 965 1054 1037 Quos
1082 972 1198 1028 tamen

142 1057 237 1134 ipsos
259 1055 379 1132 libros,
403 1056 432 1116 si
456 1073 567 1134 quem,
591 1055 647 1115 cui
663 1061 758 1116 recte
775 1054 996 1131 committam,
1020 1055 1198 1130 invenero,

144 1143 276 1204 curabo
302 1143 346 1204 ad
369 1150 403 1204 te
427 1142 664 1222 perferendos.
700 1141 814 1221 Atque
829 1142 932 1203 istam
956 1142 1097 1221 quidem
1120 1160 1198 1221 par-

142 1237 212 1292 tem
235 1230 330 1292 vitae
355 1230 686 1309 consuetudinisque
715 1236 856 1292 nostrae
884 1236 993 1291 totam
1018 1231 1062 1292 ad
1085 1235 1119 1291 te
1143 1230 1198 1292 de·

141 1317 236 1381 fero:
274 1325 444 1398 quantum
470 1318 613 1395 litteris,
648 1323 818 1396 quantum
846 1318 986 1394 studiis,
1020 1317 1199 1380 veteribus

142 1406 272 1468 nostris
297 1406 597 1483 delectationibus,
622 1406 787 1485 consequi
811 1405 1013 1484 poterimus,
1038 1405 1074 1466 id
1098 1423 1198 1466 omne

143 1495 186 1556 ad
212 1495 399 1556 arbitrium
423 1501 535 1572 tuum,
564 1494 624 1573 qui
648 1494 734 1555 haec
763 1512 899 1572 semper
929 1493 1067 1568 amasti,
1090 1492 1198 1554 liben-

142 1582 274 1644 tissime
299 1582 526 1644 conferemus.

231 1669 327 1741 Quae
361 1671 405 1731 ad
435 1688 489 1731 me
518 1670 561 1731 de
592 1669 662 1731 tuis
695 1669 801 1732 rebus
833 1669 1031 1731 domesticis
1064 1667 1198 1744 scribis,
1209 1681 1244 1733 24

143 1776 302 1836 quaeque
325 1758 410 1818 mihi
431 1758 660 1833 commendas,
684 1775 725 1818 ea
742 1762 861 1818 tantae
884 1756 969 1817 mihi
987 1774 1092 1817 curae
1109 1761 1198 1833 sunt,

143 1849 182 1905 ut
205 1863 259 1906 me
282 1845 391 1905 nolim
416 1844 609 1920 admoneri,
637 1844 758 1922 rogari
783 1862 868 1905 vero
892 1844 966 1905 sine
989 1862 1116 1921 magno
1141 1844 1199 1904 do·

144 1932 218 1993 lore
252 1932 312 1992 vix
347 1932 485 2010 possim.
542 1930 641 2002 Quod
675 1933 717 1993 de
748 1929 869 2001 Quinti
903 1930 1026 1992 fratris
1058 1930 1199 2008 negotio

143 2018 282 2096 scribis,
312 2025 346 2082 te
369 2018 489 2099 priore
514 2024 658 2096 aestate,
688 2019 780 2099 quod
804 2019 928 2082 morbo
951 2018 1139 2098 impeditus
1162 2018 1199 2080 in

143 2108 302 2170 Ciliciam
326 2126 396 2170 non
420 2108 613 2185 transieris,
637 2107 812 2169 conficere
833 2127 902 2169 non
919 2108 1083 2187 potuisse,
1106 2126 1199 2168 nunc

143 2201 258 2258 autem
275 2197 390 2258 omnia
406 2195 592 2274 facturum,
616 2202 655 2257 ut
671 2195 847 2273 conficias,
864 2196 901 2258 id
916 2196 1003 2257 scito
1020 2213 1094 2257 esse
1111 2195 1199 2257 eius-

141 2284 248 2361 modi,
281 2290 320 2345 ut
350 2284 462 2346 frater
492 2302 588 2345 meus
617 2303 700 2345 vere
733 2285 907 2345 existimet
936 2284 1102 2345 adiuncto
1130 2284 1198 2345 isto

142 2371 252 2433 fundo
268 2371 519 2450 patrimonium
536 2370 613 2443 fore
630 2390 731 2433 suum
751 2390 814 2450 per
832 2377 866 2433 te
886 2371 1122 2433 constitutum.
1148 2373 1199 2433 Tu

142 2477 196 2520 me
221 2460 263 2520 de
279 2459 349 2520 tuis
372 2459 479 2520 rebus
499 2460 659 2520 omnibus
683 2465 717 2521 et
734 2460 776 2521 de
794 2459 932 2521 Lentuli
948 2459 1000 2521 tui
1017 2460 1199 2538 nostrique

142 2546 268 2608 studiis
292 2551 326 2608 et
350 2546 661 2608 exercitationibus
678 2547 783 2609 velim
798 2566 902 2626 quam
926 2546 1200 2609 familiarissime

142 2635 328 2695 certiorem
362 2640 396 2695 et
430 2653 534 2713 quam
567 2635 768 2714 saepissime
805 2635 915 2697 facias
952 2635 1198 2713 existimesque

141 2723 313 2783 neminem
331 2722 493 2800 cuiquam
509 2741 621 2802 neque
639 2723 811 2785 cariorem
827 2742 940 2803 neque
957 2722 1199 2784 iucundiorem

142 2828 307 2889 umquam
336 2808 444 2871 fuisse
473 2829 578 2889 quam
602 2817 635 2871 te
658 2810 758 2887 mihi,
787 2811 893 2890 idque
921 2829 976 2872 me
1002 2829 1071 2871 non
1095 2810 1199 2871 modo

142 2902 180 2958 ut
204 2903 243 2958 tu
267 2897 410 2975 sentias,
440 2899 501 2959 sed
525 2904 563 2958 ut
587 2916 705 2960 omnes
729 2904 865 2977 gentes,
895 2899 1000 2961 etiam
1024 2905 1062 2959 ut
1086 2904 1198 2976 poste-

141 2984 230 3047 ritas
255 2986 366 3047 omnis
389 2985 572 3064 intellegat
596 3004 670 3047 esse
694 2985 879 3048 facturum.

232 3073 368 3153 Appius
398 3074 434 3133 in
463 3073 682 3135 sermonibus
717 3078 819 3135 antea
848 3074 1046 3151 dictitabat,
1077 3081 1198 3153 postea
1209 3090 1243 3142 25

142 3161 232 3223 dixit
263 3162 368 3223 etiam
399 3161 436 3221 in
467 3167 588 3222 senatu
621 3161 737 3240 palam
769 3179 856 3238 sese,
888 3162 916 3223 si
946 3162 1079 3224 licitum
1108 3168 1198 3223 esset

142 3249 254 3328 legem
283 3249 454 3310 curiatam
483 3248 591 3326 ferre,
621 3249 830 3310 sortiturum
858 3268 932 3311 esse
957 3268 1034 3311 cum
1064 3249 1198 3327 collega

142 3337 361 3415 provinciam
370 3357 378 3412 ;
414 3336 442 3396 si
468 3336 603 3398 curiata
628 3337 684 3398 lex
708 3356 778 3399 non
803 3346 901 3414 esset,
931 3357 967 3399 se
990 3342 1198 3417 paraturum

142 3442 221 3485 cum
237 3423 370 3502 collega
388 3423 522 3502 tibique
545 3442 802 3500 successurum;
829 3426 1009 3504 legemque
1026 3424 1198 3486 curiatam

142 3511 275 3573 consuli
293 3510 380 3573 ferri
397 3529 485 3590 opus
501 3530 584 3588 esse,
608 3530 748 3575 necesse
765 3533 834 3574 non
850 3531 940 3588 esse;
967 3531 1012 3589 se,
1033 3512 1197 3591 quoniam

141 3617 184 3661 ex
209 3606 350 3660 senatus
374 3599 533 3661 consulto
552 3600 771 3679 provinciam
796 3601 951 3677 haberet,
976 3601 1053 3678 lege
1070 3599 1198 3660 Corne-

142 3686 189 3747 lia
213 3687 397 3765 imperium
422 3688 635 3765 habiturum,
660 3689 776 3767 quoad
800 3689 837 3748 in
861 3688 986 3748 urbem
1009 3687 1197 3747 introisset.
