<?xml version="1.0" encoding="UTF-8"?>
<!DOCTYPE html PUBLIC "-//W3C//DTD XHTML 1.0 Transitional//EN"
    "http://www.w3.org/TR/xhtml1/DTD/xhtml1-transitional.dtd">
<html xmlns="http://www.w3.org/1999/xhtml" xml:lang="en" lang="en">
 <head>
  <title>
</title>
<meta http-equiv="Content-Type" content="text/html;charset=utf-8" />
  <meta name='ocr-system' content='tesseract 3.04.00' />
  <meta name='ocr-capabilities' content='ocr_page ocr_carea ocr_par ocr_line ocrx_word'/>
</head>
<body>
  <div class='ocr_page' id='page_1' title='image "ausgewhltebrief03cicegoog_0065.png"; bbox 0 0 2742 4075; ppageno 0'>
   <div class='ocr_carea' id='block_1_1' title="bbox 557 205 1212 286">
    <p class='ocr_par' dir='ltr' id='par_1_1' title="bbox 557 205 1212 286">
     <span class='ocr_line' id='line_1_1' title="bbox 557 205 1212 286; baseline -0.002 -14"><span class='ocrx_word' id='word_1_1' title='bbox 557 218 597 272; x_wconf 78' lang='lat' dir='ltr'>aa</span> <span class='ocrx_word' id='word_1_2' title='bbox 616 217 689 272; x_wconf 83' lang='lat' dir='ltr'>fam.</span> <span class='ocrx_word' id='word_1_3' title='bbox 709 218 771 286; x_wconf 87' lang='lat' dir='ltr'>xv,</span> <span class='ocrx_word' id='word_1_4' title='bbox 790 220 815 272; x_wconf 83' lang='lat'>4.</span> <span class='ocrx_word' id='word_1_5' title='bbox 1171 205 1212 265; x_wconf 80' lang='lat'>45</span> 
     </span>
    </p>
   </div>
   <div class='ocr_carea' id='block_1_2' title="bbox 122 378 1260 3181">
    <p class='ocr_par' dir='ltr' id='par_1_2' title="bbox 122 378 1260 2828">
     <span class='ocr_line' id='line_1_2' title="bbox 155 378 1213 457; baseline -0.001 -17"><span class='ocrx_word' id='word_1_6' title='bbox 155 386 236 457; x_wconf 89' lang='lat' dir='ltr'>post</span> <span class='ocrx_word' id='word_1_7' title='bbox 259 379 425 440; x_wconf 90' lang='lat' dir='ltr'>iniuriam</span> <span class='ocrx_word' id='word_1_8' title='bbox 450 385 637 457; x_wconf 79' lang='lat' dir='ltr'>acceptam,</span> <span class='ocrx_word' id='word_1_9' title='bbox 661 396 766 456; x_wconf 90' lang='lat' dir='ltr'>quam</span> <span class='ocrx_word' id='word_1_10' title='bbox 790 382 829 438; x_wconf 92' lang='lat' dir='ltr'>tu</span> <span class='ocrx_word' id='word_1_11' title='bbox 852 378 904 438; x_wconf 93' lang='lat' dir='ltr'>rei</span> <span class='ocrx_word' id='word_1_12' title='bbox 928 397 959 456; x_wconf 92' lang='lat' dir='ltr'>p.</span> <span class='ocrx_word' id='word_1_13' title='bbox 980 378 1213 439; x_wconf 79' lang='lat' dir='ltr'>calamitatem</span> 
     </span>
     <span class='ocr_line' id='line_1_3' title="bbox 156 466 1213 546; baseline -0.001 -18"><span class='ocrx_word' id='word_1_14' title='bbox 156 485 293 545; x_wconf 82' lang='lat' dir='ltr'>semper</span> <span class='ocrx_word' id='word_1_15' title='bbox 319 466 489 546; x_wconf 88' lang='lat' dir='ltr'>appellas,</span> <span class='ocrx_word' id='word_1_16' title='bbox 519 484 631 527; x_wconf 89' lang='lat' dir='ltr'>meam</span> <span class='ocrx_word' id='word_1_17' title='bbox 655 484 726 527; x_wconf 91' lang='lat' dir='ltr'>non</span> <span class='ocrx_word' id='word_1_18' title='bbox 751 466 854 527; x_wconf 92' lang='lat' dir='ltr'>modo</span> <span class='ocrx_word' id='word_1_19' title='bbox 878 484 948 527; x_wconf 89' lang='lat' dir='ltr'>non</span> <span class='ocrx_word' id='word_1_20' title='bbox 971 466 1213 543; x_wconf 84' lang='lat' dir='ltr'>calamitatem,</span> 
     </span>
     <span class='ocr_line' id='line_1_4' title="bbox 155 553 1214 632; baseline -0.002 -16"><span class='ocrx_word' id='word_1_21' title='bbox 155 555 218 616; x_wconf 89' lang='lat' dir='ltr'>sed</span> <span class='ocrx_word' id='word_1_22' title='bbox 243 555 348 616; x_wconf 91' lang='lat' dir='ltr'>etiam</span> <span class='ocrx_word' id='word_1_23' title='bbox 370 554 529 632; x_wconf 82' lang='lat' dir='ltr'>gloriam,</span> <span class='ocrx_word' id='word_1_24' title='bbox 553 553 672 615; x_wconf 87' lang='lat' dir='ltr'>studui</span> <span class='ocrx_word' id='word_1_25' title='bbox 698 571 802 632; x_wconf 90' lang='lat' dir='ltr'>quam</span> <span class='ocrx_word' id='word_1_26' title='bbox 827 553 1049 614; x_wconf 88' lang='lat' dir='ltr'>ornatissima</span> <span class='ocrx_word' id='word_1_27' title='bbox 1074 560 1214 615; x_wconf 88' lang='lat' dir='ltr'>senatus</span> 
     </span>
     <span class='ocr_line' id='line_1_5' title="bbox 157 641 1214 722; baseline -0.001 -19"><span class='ocrx_word' id='word_1_28' title='bbox 157 642 349 722; x_wconf 87' lang='lat' dir='ltr'>populique</span> <span class='ocrx_word' id='word_1_29' title='bbox 377 643 415 703; x_wconf 90' lang='lat' dir='ltr'>R.</span> <span class='ocrx_word' id='word_1_30' title='bbox 445 642 487 703; x_wconf 90' lang='lat' dir='ltr'>de</span> <span class='ocrx_word' id='word_1_31' title='bbox 516 659 570 702; x_wconf 90' lang='lat' dir='ltr'>me</span> <span class='ocrx_word' id='word_1_32' title='bbox 597 641 728 702; x_wconf 88' lang='lat' dir='ltr'>iudicia</span> <span class='ocrx_word' id='word_1_33' title='bbox 756 642 981 703; x_wconf 80' lang='lat' dir='ltr'>intercedere.</span> <span class='ocrx_word' id='word_1_34' title='bbox 1028 641 1151 720; x_wconf 91' lang='lat' dir='ltr'>Itaque</span> <span class='ocrx_word' id='word_1_35' title='bbox 1181 647 1214 702; x_wconf 91' lang='lat' dir='ltr'>et</span> 
     </span>
     <span class='ocr_line' id='line_1_6' title="bbox 156 729 1215 809; baseline -0.002 -17"><span class='ocrx_word' id='word_1_36' title='bbox 156 748 272 809; x_wconf 90' lang='lat' dir='ltr'>augur</span> <span class='ocrx_word' id='word_1_37' title='bbox 296 735 416 809; x_wconf 91' lang='lat' dir='ltr'>postea</span> <span class='ocrx_word' id='word_1_38' title='bbox 441 729 522 791; x_wconf 88' lang='lat' dir='ltr'>fieri</span> <span class='ocrx_word' id='word_1_39' title='bbox 546 729 652 806; x_wconf 86' lang='lat' dir='ltr'>volui,</span> <span class='ocrx_word' id='word_1_40' title='bbox 676 730 770 808; x_wconf 93' lang='lat' dir='ltr'>quod</span> <span class='ocrx_word' id='word_1_41' title='bbox 795 735 896 790; x_wconf 88' lang='lat' dir='ltr'>antea</span> <span class='ocrx_word' id='word_1_42' title='bbox 921 730 1158 808; x_wconf 84' lang='lat' dir='ltr'>neglexeram,</span> <span class='ocrx_word' id='word_1_43' title='bbox 1181 736 1215 790; x_wconf 92' lang='lat' dir='ltr'>et</span> 
     </span>
     <span class='ocr_line' id='line_1_7' title="bbox 158 816 1214 896; baseline -0.002 -17"><span class='ocrx_word' id='word_1_44' title='bbox 158 836 237 880; x_wconf 88' lang='lat' dir='ltr'>eum</span> <span class='ocrx_word' id='word_1_45' title='bbox 260 818 436 894; x_wconf 91' lang='lat' dir='ltr'>honorem,</span> <span class='ocrx_word' id='word_1_46' title='bbox 461 817 521 896; x_wconf 93' lang='lat' dir='ltr'>qui</span> <span class='ocrx_word' id='word_1_47' title='bbox 539 835 558 878; x_wconf 89' lang='lat' dir='ltr'>a</span> <span class='ocrx_word' id='word_1_48' title='bbox 575 821 698 878; x_wconf 88' lang='lat' dir='ltr'>senatu</span> <span class='ocrx_word' id='word_1_49' title='bbox 715 816 824 878; x_wconf 87' lang='lat' dir='ltr'>tribui</span> <span class='ocrx_word' id='word_1_50' title='bbox 846 818 951 877; x_wconf 88' lang='lat' dir='ltr'>rebus</span> <span class='ocrx_word' id='word_1_51' title='bbox 968 816 1102 878; x_wconf 87' lang='lat' dir='ltr'>bellicis</span> <span class='ocrx_word' id='word_1_52' title='bbox 1118 817 1214 894; x_wconf 89' lang='lat' dir='ltr'>solet,</span> 
     </span>
     <span class='ocr_line' id='line_1_8' title="bbox 156 904 1180 985; baseline -0.002 -18"><span class='ocrx_word' id='word_1_53' title='bbox 156 906 354 985; x_wconf 90' lang='lat' dir='ltr'>neglectum</span> <span class='ocrx_word' id='word_1_54' title='bbox 378 924 398 966; x_wconf 91' lang='lat' dir='ltr'>a</span> <span class='ocrx_word' id='word_1_55' title='bbox 421 924 476 966; x_wconf 92' lang='lat' dir='ltr'>me</span> <span class='ocrx_word' id='word_1_56' title='bbox 500 905 583 966; x_wconf 90' lang='lat' dir='ltr'>olim</span> <span class='ocrx_word' id='word_1_57' title='bbox 606 923 698 965; x_wconf 90' lang='lat' dir='ltr'>nunc</span> <span class='ocrx_word' id='word_1_58' title='bbox 722 904 807 965; x_wconf 92' lang='lat' dir='ltr'>mihi</span> <span class='ocrx_word' id='word_1_59' title='bbox 831 905 1064 983; x_wconf 84' lang='lat' dir='ltr'>expetendum</span> <span class='ocrx_word' id='word_1_60' title='bbox 1087 910 1180 983; x_wconf 91' lang='lat' dir='ltr'>puto.</span> 
     </span>
     <span class='ocr_line' id='line_1_9' title="bbox 246 991 1259 1071; baseline 0.002 -17"><span class='ocrx_word' id='word_1_61' title='bbox 246 994 337 1054; x_wconf 91' lang='lat' dir='ltr'>Huic</span> <span class='ocrx_word' id='word_1_62' title='bbox 369 1011 466 1055; x_wconf 89' lang='lat' dir='ltr'>meae</span> <span class='ocrx_word' id='word_1_63' title='bbox 497 992 685 1069; x_wconf 88' lang='lat' dir='ltr'>voluntati,</span> <span class='ocrx_word' id='word_1_64' title='bbox 717 992 755 1051; x_wconf 90' lang='lat' dir='ltr'>in</span> <span class='ocrx_word' id='word_1_65' title='bbox 788 1011 856 1070; x_wconf 90' lang='lat' dir='ltr'>qua</span> <span class='ocrx_word' id='word_1_66' title='bbox 890 992 979 1053; x_wconf 84' lang='lat' dir='ltr'>inest</span> <span class='ocrx_word' id='word_1_67' title='bbox 1011 992 1128 1071; x_wconf 87' lang='lat' dir='ltr'>aliqua</span> <span class='ocrx_word' id='word_1_68' title='bbox 1159 991 1214 1053; x_wconf 88' lang='lat' dir='ltr'>vis</span> <span class='ocrx_word' id='word_1_69' title='bbox 1226 1004 1259 1056; x_wconf 83' lang='grc'>14</span> 
     </span>
     <span class='ocr_line' id='line_1_10' title="bbox 157 1080 1215 1157; baseline -0.002 -15"><span class='ocrx_word' id='word_1_70' title='bbox 157 1081 324 1143; x_wconf 88' lang='lat' dir='ltr'>desiderii</span> <span class='ocrx_word' id='word_1_71' title='bbox 349 1081 393 1142; x_wconf 90' lang='lat' dir='ltr'>ad</span> <span class='ocrx_word' id='word_1_72' title='bbox 418 1081 611 1142; x_wconf 88' lang='lat' dir='ltr'>sanandum</span> <span class='ocrx_word' id='word_1_73' title='bbox 627 1080 755 1141; x_wconf 90' lang='lat' dir='ltr'>vulnus</span> <span class='ocrx_word' id='word_1_74' title='bbox 772 1080 930 1157; x_wconf 90' lang='lat' dir='ltr'>iniuriae,</span> <span class='ocrx_word' id='word_1_75' title='bbox 955 1085 993 1140; x_wconf 92' lang='lat' dir='ltr'>ut</span> <span class='ocrx_word' id='word_1_76' title='bbox 1012 1080 1133 1141; x_wconf 83' lang='lat' dir='ltr'>faveas</span> <span class='ocrx_word' id='word_1_77' title='bbox 1157 1080 1215 1141; x_wconf 90' lang='lat' dir='ltr'>ad·</span> 
     </span>
     <span class='ocr_line' id='line_1_11' title="bbox 158 1168 1214 1247; baseline -0.002 -19"><span class='ocrx_word' id='word_1_78' title='bbox 158 1168 322 1247; x_wconf 88' lang='lat' dir='ltr'>iutorque</span> <span class='ocrx_word' id='word_1_79' title='bbox 340 1169 395 1246; x_wconf 89' lang='lat' dir='ltr'>sis,</span> <span class='ocrx_word' id='word_1_80' title='bbox 413 1169 506 1247; x_wconf 92' lang='lat' dir='ltr'>quod</span> <span class='ocrx_word' id='word_1_81' title='bbox 523 1168 628 1247; x_wconf 90' lang='lat' dir='ltr'>paulo</span> <span class='ocrx_word' id='word_1_82' title='bbox 646 1174 726 1229; x_wconf 86' lang='lat' dir='ltr'>ante</span> <span class='ocrx_word' id='word_1_83' title='bbox 743 1187 797 1228; x_wconf 92' lang='lat' dir='ltr'>me</span> <span class='ocrx_word' id='word_1_84' title='bbox 813 1185 981 1245; x_wconf 90' lang='lat' dir='ltr'>negaram</span> <span class='ocrx_word' id='word_1_85' title='bbox 997 1173 1214 1246; x_wconf 90' lang='lat' dir='ltr'>rogaturum,</span> 
     </span>
     <span class='ocr_line' id='line_1_12' title="bbox 158 1255 1215 1335; baseline -0.001 -18"><span class='ocrx_word' id='word_1_86' title='bbox 158 1256 382 1318; x_wconf 90' lang='lat' dir='ltr'>vehementer</span> <span class='ocrx_word' id='word_1_87' title='bbox 410 1261 444 1317; x_wconf 89' lang='lat' dir='ltr'>te</span> <span class='ocrx_word' id='word_1_88' title='bbox 478 1275 579 1335; x_wconf 87' lang='lat' dir='ltr'>roge,</span> <span class='ocrx_word' id='word_1_89' title='bbox 611 1256 671 1317; x_wconf 89' lang='lat' dir='ltr'>sed</span> <span class='ocrx_word' id='word_1_90' title='bbox 702 1256 768 1330; x_wconf 90' lang='lat' dir='ltr'>ita,</span> <span class='ocrx_word' id='word_1_91' title='bbox 803 1256 832 1316; x_wconf 90' lang='lat' dir='ltr'>si</span> <span class='ocrx_word' id='word_1_92' title='bbox 861 1273 931 1316; x_wconf 93' lang='lat' dir='ltr'>non</span> <span class='ocrx_word' id='word_1_93' title='bbox 960 1255 1116 1317; x_wconf 89' lang='lat' dir='ltr'>ieiunum</span> <span class='ocrx_word' id='word_1_94' title='bbox 1150 1255 1215 1316; x_wconf 92' lang='lat' dir='ltr'>hoc</span> 
     </span>
     <span class='ocr_line' id='line_1_13' title="bbox 158 1344 1215 1423; baseline -0.001 -18"><span class='ocrx_word' id='word_1_95' title='bbox 158 1345 274 1407; x_wconf 91' lang='lat' dir='ltr'>nescio</span> <span class='ocrx_word' id='word_1_96' title='bbox 299 1344 392 1423; x_wconf 92' lang='lat' dir='ltr'>quid,</span> <span class='ocrx_word' id='word_1_97' title='bbox 417 1344 511 1423; x_wconf 92' lang='lat' dir='ltr'>quod</span> <span class='ocrx_word' id='word_1_98' title='bbox 534 1362 599 1423; x_wconf 92' lang='lat' dir='ltr'>ego</span> <span class='ocrx_word' id='word_1_99' title='bbox 623 1344 725 1422; x_wconf 86' lang='lat' dir='ltr'>gessi,</span> <span class='ocrx_word' id='word_1_100' title='bbox 750 1349 783 1405; x_wconf 88' lang='lat' dir='ltr'>et</span> <span class='ocrx_word' id='word_1_101' title='bbox 808 1344 1095 1405; x_wconf 91' lang='lat' dir='ltr'>contemnendum</span> <span class='ocrx_word' id='word_1_102' title='bbox 1121 1344 1215 1404; x_wconf 90' lang='lat' dir='ltr'>vide·</span> 
     </span>
     <span class='ocr_line' id='line_1_14' title="bbox 157 1431 1215 1511; baseline -0.002 -18"><span class='ocrx_word' id='word_1_103' title='bbox 157 1433 267 1510; x_wconf 92' lang='lat' dir='ltr'>bitur,</span> <span class='ocrx_word' id='word_1_104' title='bbox 296 1433 357 1494; x_wconf 89' lang='lat' dir='ltr'>sed</span> <span class='ocrx_word' id='word_1_105' title='bbox 386 1432 455 1493; x_wconf 91' lang='lat' dir='ltr'>tale</span> <span class='ocrx_word' id='word_1_106' title='bbox 485 1437 589 1511; x_wconf 91' lang='lat' dir='ltr'>atque</span> <span class='ocrx_word' id='word_1_107' title='bbox 618 1437 768 1508; x_wconf 90' lang='lat' dir='ltr'>tantum,</span> <span class='ocrx_word' id='word_1_108' title='bbox 799 1436 837 1492; x_wconf 91' lang='grc'>111</span> <span class='ocrx_word' id='word_1_109' title='bbox 865 1431 965 1492; x_wconf 85' lang='grc'><strong>11111111</strong></span> <span class='ocrx_word' id='word_1_110' title='bbox 994 1449 1215 1510; x_wconf 84' lang='lat' dir='ltr'>nequaquam</span> 
     </span>
     <span class='ocr_line' id='line_1_15' title="bbox 157 1518 1215 1599; baseline -0.004 -18"><span class='ocrx_word' id='word_1_111' title='bbox 157 1520 303 1599; x_wconf 89' lang='lat' dir='ltr'>paribus</span> <span class='ocrx_word' id='word_1_112' title='bbox 334 1520 439 1582; x_wconf 90' lang='lat' dir='ltr'>rebus</span> <span class='ocrx_word' id='word_1_113' title='bbox 473 1520 623 1581; x_wconf 87' lang='lat' dir='ltr'>honores</span> <span class='ocrx_word' id='word_1_114' title='bbox 654 1538 807 1580; x_wconf 90' lang='lat' dir='ltr'>summos</span> <span class='ocrx_word' id='word_1_115' title='bbox 836 1537 855 1579; x_wconf 90' lang='lat' dir='ltr'>a</span> <span class='ocrx_word' id='word_1_116' title='bbox 885 1526 1008 1580; x_wconf 90' lang='lat' dir='ltr'>senatu</span> <span class='ocrx_word' id='word_1_117' title='bbox 1039 1518 1215 1581; x_wconf 85' lang='lat' dir='ltr'>consecuti</span> 
     </span>
     <span class='ocr_line' id='line_1_16' title="bbox 122 1607 1216 1686; baseline -0.005 -14"><span class='ocrx_word' id='word_1_118' title='bbox 122 1668 125 1673; x_wconf 88' lang='grc'><em>,</em></span> <span class='ocrx_word' id='word_1_119' title='bbox 156 1608 236 1669; x_wconf 85' lang='lat' dir='ltr'>sint.</span> <span class='ocrx_word' id='word_1_120' title='bbox 282 1608 455 1686; x_wconf 87' lang='lat' dir='ltr'>Equidem</span> <span class='ocrx_word' id='word_1_121' title='bbox 483 1608 589 1669; x_wconf 90' lang='lat' dir='ltr'>etiam</span> <span class='ocrx_word' id='word_1_122' title='bbox 616 1607 705 1668; x_wconf 92' lang='lat' dir='ltr'>illud</span> <span class='ocrx_word' id='word_1_123' title='bbox 735 1607 819 1668; x_wconf 91' lang='lat' dir='ltr'>mihi</span> <span class='ocrx_word' id='word_1_124' title='bbox 844 1607 998 1667; x_wconf 90' lang='lat' dir='ltr'>animum</span> <span class='ocrx_word' id='word_1_125' title='bbox 1022 1607 1216 1669; x_wconf 85' lang='lat' dir='ltr'>advertisse</span> 
     </span>
     <span class='ocr_line' id='line_1_17' title="bbox 157 1694 1216 1775; baseline -0.001 -19"><span class='ocrx_word' id='word_1_126' title='bbox 157 1695 281 1757; x_wconf 89' lang='lat' dir='ltr'>videor</span> <span class='ocrx_word' id='word_1_127' title='bbox 307 1696 388 1775; x_wconf 81' lang='lat' dir='ltr'>(scis</span> <span class='ocrx_word' id='word_1_128' title='bbox 405 1695 505 1772; x_wconf 89' lang='lat' dir='ltr'>enim,</span> <span class='ocrx_word' id='word_1_129' title='bbox 530 1714 634 1773; x_wconf 92' lang='lat' dir='ltr'>quam</span> <span class='ocrx_word' id='word_1_130' title='bbox 652 1699 783 1756; x_wconf 89' lang='lat' dir='ltr'>attente</span> <span class='ocrx_word' id='word_1_131' title='bbox 807 1699 841 1755; x_wconf 94' lang='lat' dir='ltr'>te</span> <span class='ocrx_word' id='word_1_132' title='bbox 859 1695 980 1756; x_wconf 87' lang='lat' dir='ltr'>audire</span> <span class='ocrx_word' id='word_1_133' title='bbox 1004 1694 1158 1774; x_wconf 85' lang='lat' dir='ltr'>soleam),</span> <span class='ocrx_word' id='word_1_134' title='bbox 1182 1701 1216 1756; x_wconf 92' lang='lat' dir='ltr'>te</span> 
     </span>
     <span class='ocr_line' id='line_1_18' title="bbox 159 1782 1216 1862; baseline 0.002 -19"><span class='ocrx_word' id='word_1_135' title='bbox 159 1802 229 1845; x_wconf 89' lang='lat' dir='ltr'>non</span> <span class='ocrx_word' id='word_1_136' title='bbox 252 1789 324 1844; x_wconf 88' lang='lat' dir='ltr'>tam</span> <span class='ocrx_word' id='word_1_137' title='bbox 347 1802 404 1845; x_wconf 90' lang='lat' dir='ltr'>res</span> <span class='ocrx_word' id='word_1_138' title='bbox 428 1787 545 1861; x_wconf 88' lang='lat' dir='ltr'>gestas</span> <span class='ocrx_word' id='word_1_139' title='bbox 563 1801 668 1861; x_wconf 88' lang='lat' dir='ltr'>quam</span> <span class='ocrx_word' id='word_1_140' title='bbox 684 1800 799 1844; x_wconf 90' lang='lat' dir='ltr'>mores</span> <span class='ocrx_word' id='word_1_141' title='bbox 822 1782 1089 1862; x_wconf 89' lang='lat' dir='ltr'>institutamque</span> <span class='ocrx_word' id='word_1_142' title='bbox 1106 1784 1216 1845; x_wconf 88' lang='lat' dir='ltr'>vitam</span> 
     </span>
     <span class='ocr_line' id='line_1_19' title="bbox 157 1869 1216 1949; baseline 0.002 -19"><span class='ocrx_word' id='word_1_143' title='bbox 157 1871 413 1949; x_wconf 88' lang='lat' dir='ltr'>imperatorum</span> <span class='ocrx_word' id='word_1_144' title='bbox 445 1877 603 1948; x_wconf 89' lang='lat' dir='ltr'>spectare</span> <span class='ocrx_word' id='word_1_145' title='bbox 636 1869 749 1931; x_wconf 90' lang='lat' dir='ltr'>solere</span> <span class='ocrx_word' id='word_1_146' title='bbox 782 1870 819 1930; x_wconf 91' lang='lat' dir='ltr'>in</span> <span class='ocrx_word' id='word_1_147' title='bbox 850 1870 1020 1931; x_wconf 84' lang='lat' dir='ltr'>habendis</span> <span class='ocrx_word' id='word_1_148' title='bbox 1054 1876 1113 1931; x_wconf 91' lang='lat' dir='ltr'>aut</span> <span class='ocrx_word' id='word_1_149' title='bbox 1145 1890 1216 1933; x_wconf 89' lang='lat' dir='ltr'>non</span> 
     </span>
     <span class='ocr_line' id='line_1_20' title="bbox 158 1956 1215 2029; baseline 0.002 -12"><span class='ocrx_word' id='word_1_150' title='bbox 158 1958 331 2019; x_wconf 88' lang='lat' dir='ltr'>habendis</span> <span class='ocrx_word' id='word_1_151' title='bbox 360 1958 561 2019; x_wconf 75' lang='lat' dir='ltr'>honoribus,</span> <span class='ocrx_word' id='word_1_152' title='bbox 612 1956 713 2029; x_wconf 82' lang='lat' dir='ltr'>Quod</span> <span class='ocrx_word' id='word_1_153' title='bbox 742 1958 770 2018; x_wconf 92' lang='lat' dir='ltr'>si</span> <span class='ocrx_word' id='word_1_154' title='bbox 800 1958 836 2018; x_wconf 89' lang='lat' dir='ltr'>in</span> <span class='ocrx_word' id='word_1_155' title='bbox 864 1976 941 2019; x_wconf 88' lang='lat' dir='ltr'>mea</span> <span class='ocrx_word' id='word_1_156' title='bbox 970 1976 1074 2020; x_wconf 90' lang='lat' dir='ltr'>causa</span> <span class='ocrx_word' id='word_1_157' title='bbox 1106 1960 1215 2021; x_wconf 91' lang='lat' dir='ltr'>consi-</span> 
     </span>
     <span class='ocr_line' id='line_1_21' title="bbox 158 2046 1215 2125; baseline 0.003 -18"><span class='ocrx_word' id='word_1_158' title='bbox 158 2046 310 2122; x_wconf 86' lang='lat' dir='ltr'>derabis,</span> <span class='ocrx_word' id='word_1_159' title='bbox 333 2047 489 2125; x_wconf 87' lang='lat' dir='ltr'>reperies</span> <span class='ocrx_word' id='word_1_160' title='bbox 505 2065 559 2108; x_wconf 89' lang='lat' dir='ltr'>me</span> <span class='ocrx_word' id='word_1_161' title='bbox 576 2046 734 2109; x_wconf 87' lang='lat' dir='ltr'>exercitu</span> <span class='ocrx_word' id='word_1_162' title='bbox 750 2047 924 2109; x_wconf 91' lang='lat' dir='ltr'>imbecillo</span> <span class='ocrx_word' id='word_1_163' title='bbox 944 2053 1066 2109; x_wconf 87' lang='lat' dir='ltr'>contra</span> <span class='ocrx_word' id='word_1_164' title='bbox 1085 2053 1215 2110; x_wconf 88' lang='lat' dir='ltr'>metum</span> 
     </span>
     <span class='ocr_line' id='line_1_22' title="bbox 158 2133 1215 2216; baseline 0.002 -22"><span class='ocrx_word' id='word_1_165' title='bbox 158 2133 301 2195; x_wconf 83' lang='lat' dir='ltr'>maximi</span> <span class='ocrx_word' id='word_1_166' title='bbox 326 2133 408 2196; x_wconf 89' lang='lat' dir='ltr'>belli</span> <span class='ocrx_word' id='word_1_167' title='bbox 425 2133 666 2195; x_wconf 90' lang='lat' dir='ltr'>firmissimum</span> <span class='ocrx_word' id='word_1_168' title='bbox 688 2135 903 2214; x_wconf 87' lang='lat' dir='ltr'>praesidium</span> <span class='ocrx_word' id='word_1_169' title='bbox 921 2135 1084 2197; x_wconf 83' lang='lat' dir='ltr'>habuisse</span> <span class='ocrx_word' id='word_1_170' title='bbox 1100 2138 1215 2216; x_wconf 88' lang='lat' dir='ltr'>aequi-</span> 
     </span>
     <span class='ocr_line' id='line_1_23' title="bbox 158 2223 1215 2302; baseline 0.003 -20"><span class='ocrx_word' id='word_1_171' title='bbox 158 2228 265 2283; x_wconf 86' lang='lat' dir='ltr'>tatem</span> <span class='ocrx_word' id='word_1_172' title='bbox 298 2227 332 2283; x_wconf 92' lang='lat' dir='ltr'>et</span> <span class='ocrx_word' id='word_1_173' title='bbox 365 2223 623 2284; x_wconf 88' lang='lat' dir='ltr'>continentiam.</span> <span class='ocrx_word' id='word_1_174' title='bbox 681 2223 747 2284; x_wconf 90' lang='lat' dir='ltr'>His</span> <span class='ocrx_word' id='word_1_175' title='bbox 778 2241 843 2302; x_wconf 92' lang='lat' dir='ltr'>ego</span> <span class='ocrx_word' id='word_1_176' title='bbox 874 2223 1040 2285; x_wconf 90' lang='lat' dir='ltr'>subsidiis</span> <span class='ocrx_word' id='word_1_177' title='bbox 1068 2242 1108 2285; x_wconf 90' lang='lat' dir='ltr'>ea</span> <span class='ocrx_word' id='word_1_178' title='bbox 1140 2243 1215 2285; x_wconf 88' lang='lat' dir='ltr'>sum</span> 
     </span>
     <span class='ocr_line' id='line_1_24' title="bbox 156 2310 1215 2390; baseline 0.002 -19"><span class='ocrx_word' id='word_1_179' title='bbox 156 2316 372 2386; x_wconf 87' lang='lat' dir='ltr'>consecutus,</span> <span class='ocrx_word' id='word_1_180' title='bbox 391 2328 479 2388; x_wconf 89' lang='lat' dir='ltr'>quae</span> <span class='ocrx_word' id='word_1_181' title='bbox 496 2311 602 2372; x_wconf 91' lang='lat' dir='ltr'>nullis</span> <span class='ocrx_word' id='word_1_182' title='bbox 618 2310 817 2389; x_wconf 89' lang='lat' dir='ltr'>legionibus</span> <span class='ocrx_word' id='word_1_183' title='bbox 834 2312 999 2389; x_wconf 89' lang='lat' dir='ltr'>consequi</span> <span class='ocrx_word' id='word_1_184' title='bbox 1016 2311 1215 2390; x_wconf 88' lang='lat' dir='ltr'>potuissem,</span> 
     </span>
     <span class='ocr_line' id='line_1_25' title="bbox 158 2396 1216 2475; baseline 0.003 -17"><span class='ocrx_word' id='word_1_185' title='bbox 158 2403 198 2458; x_wconf 91' lang='lat' dir='ltr'>ut</span> <span class='ocrx_word' id='word_1_186' title='bbox 214 2416 258 2458; x_wconf 85' lang='lat' dir='ltr'>ex</span> <span class='ocrx_word' id='word_1_187' title='bbox 275 2396 496 2458; x_wconf 86' lang='lat' dir='ltr'>alienissimis</span> <span class='ocrx_word' id='word_1_188' title='bbox 513 2399 616 2460; x_wconf 89' lang='lat' dir='ltr'>sociis</span> <span class='ocrx_word' id='word_1_189' title='bbox 635 2398 872 2475; x_wconf 87' lang='lat' dir='ltr'>amicissimos,</span> <span class='ocrx_word' id='word_1_190' title='bbox 896 2417 939 2460; x_wconf 89' lang='lat' dir='ltr'>ex</span> <span class='ocrx_word' id='word_1_191' title='bbox 962 2398 1216 2461; x_wconf 89' lang='lat' dir='ltr'>infidelissimis</span> 
     </span>
     <span class='ocr_line' id='line_1_26' title="bbox 158 2484 1215 2565; baseline 0.005 -21"><span class='ocrx_word' id='word_1_192' title='bbox 158 2484 380 2545; x_wconf 86' lang='lat' dir='ltr'>firmissimos</span> <span class='ocrx_word' id='word_1_193' title='bbox 396 2485 580 2546; x_wconf 91' lang='lat' dir='ltr'>redderem</span> <span class='ocrx_word' id='word_1_194' title='bbox 605 2485 807 2565; x_wconf 89' lang='lat' dir='ltr'>animosque</span> <span class='ocrx_word' id='word_1_195' title='bbox 824 2504 995 2548; x_wconf 88' lang='lat' dir='ltr'>novarum</span> <span class='ocrx_word' id='word_1_196' title='bbox 1016 2505 1136 2548; x_wconf 90' lang='lat' dir='ltr'>rerum</span> <span class='ocrx_word' id='word_1_197' title='bbox 1160 2506 1215 2549; x_wconf 86' lang='lat' dir='ltr'>ex·</span> 
     </span>
     <span class='ocr_line' id='line_1_27' title="bbox 157 2572 1216 2652; baseline 0.002 -18"><span class='ocrx_word' id='word_1_198' title='bbox 157 2572 374 2651; x_wconf 87' lang='lat' dir='ltr'>spectatione</span> <span class='ocrx_word' id='word_1_199' title='bbox 386 2590 571 2651; x_wconf 87' lang='lat' dir='ltr'>suspensos</span> <span class='ocrx_word' id='word_1_200' title='bbox 585 2574 629 2635; x_wconf 90' lang='lat' dir='ltr'>ad</span> <span class='ocrx_word' id='word_1_201' title='bbox 642 2574 772 2635; x_wconf 86' lang='lat' dir='ltr'>veteris</span> <span class='ocrx_word' id='word_1_202' title='bbox 783 2574 923 2652; x_wconf 92' lang='lat' dir='ltr'>imperii</span> <span class='ocrx_word' id='word_1_203' title='bbox 936 2574 1216 2636; x_wconf 87' lang='lat' dir='ltr'>benevolentiam</span> 
     </span>
     <span class='ocr_line' id='line_1_28' title="bbox 156 2661 389 2722; baseline 0.004 -1"><span class='ocrx_word' id='word_1_204' title='bbox 156 2661 389 2722; x_wconf 87' lang='lat' dir='ltr'>traducerem.</span> 
     </span>
     <span class='ocr_line' id='line_1_29' title="bbox 248 2747 1260 2828; baseline 0.002 -18"><span class='ocrx_word' id='word_1_205' title='bbox 248 2747 316 2810; x_wconf 87' lang='lat' dir='ltr'>Sed</span> <span class='ocrx_word' id='word_1_206' title='bbox 339 2748 443 2809; x_wconf 90' lang='lat' dir='ltr'>nimis</span> <span class='ocrx_word' id='word_1_207' title='bbox 467 2749 552 2810; x_wconf 89' lang='lat' dir='ltr'>haec</span> <span class='ocrx_word' id='word_1_208' title='bbox 576 2750 686 2810; x_wconf 89' lang='lat' dir='ltr'>multa</span> <span class='ocrx_word' id='word_1_209' title='bbox 711 2750 753 2811; x_wconf 93' lang='lat' dir='ltr'>de</span> <span class='ocrx_word' id='word_1_210' title='bbox 778 2768 844 2824; x_wconf 89' lang='lat' dir='ltr'>me,</span> <span class='ocrx_word' id='word_1_211' title='bbox 872 2750 1081 2828; x_wconf 88' lang='lat' dir='ltr'>praesertim</span> <span class='ocrx_word' id='word_1_212' title='bbox 1105 2750 1149 2811; x_wconf 88' lang='lat' dir='ltr'>ad</span> <span class='ocrx_word' id='word_1_213' title='bbox 1173 2756 1216 2827; x_wconf 89' lang='lat' dir='ltr'>te,</span> <span class='ocrx_word' id='word_1_214' title='bbox 1228 2760 1260 2812; x_wconf 88' lang='lat'>15</span> 
     </span>
    </p>

    <p class='ocr_par' dir='ltr' id='par_1_3' title="bbox 157 2836 1217 3181">
     <span class='ocr_line' id='line_1_30' title="bbox 157 2836 1215 2915; baseline 0.004 -19"><span class='ocrx_word' id='word_1_215' title='bbox 157 2854 178 2896; x_wconf 93' lang='grc'>3</span> <span class='ocrx_word' id='word_1_216' title='bbox 213 2854 281 2914; x_wconf 93' lang='lat' dir='ltr'>quo</span> <span class='ocrx_word' id='word_1_217' title='bbox 317 2855 387 2898; x_wconf 92' lang='lat' dir='ltr'>uno</span> <span class='ocrx_word' id='word_1_218' title='bbox 419 2836 573 2899; x_wconf 91' lang='lat' dir='ltr'>omnium</span> <span class='ocrx_word' id='word_1_219' title='bbox 608 2836 783 2898; x_wconf 90' lang='lat' dir='ltr'>sociorum</span> <span class='ocrx_word' id='word_1_220' title='bbox 818 2837 982 2915; x_wconf 89' lang='lat' dir='ltr'>querelae</span> <span class='ocrx_word' id='word_1_221' title='bbox 1015 2836 1215 2900; x_wconf 89' lang='lat' dir='ltr'>audiuntur.</span> 
     </span>
     <span class='ocr_line' id='line_1_31' title="bbox 159 2922 1216 3007; baseline 0.004 -23"><span class='ocrx_word' id='word_1_222' title='bbox 159 2922 356 3002; x_wconf 81' lang='lat' dir='ltr'>Cognosces</span> <span class='ocrx_word' id='word_1_223' title='bbox 379 2943 422 2986; x_wconf 87' lang='lat' dir='ltr'>ex</span> <span class='ocrx_word' id='word_1_224' title='bbox 442 2924 494 3002; x_wconf 86' lang='lat' dir='ltr'>iis,</span> <span class='ocrx_word' id='word_1_225' title='bbox 519 2925 578 3003; x_wconf 91' lang='lat' dir='ltr'>qui</span> <span class='ocrx_word' id='word_1_226' title='bbox 594 2925 681 2985; x_wconf 90' lang='lat' dir='ltr'>meis</span> <span class='ocrx_word' id='word_1_227' title='bbox 706 2924 876 2986; x_wconf 89' lang='lat' dir='ltr'>institutis</span> <span class='ocrx_word' id='word_1_228' title='bbox 900 2943 936 2987; x_wconf 91' lang='lat' dir='ltr'>se</span> <span class='ocrx_word' id='word_1_229' title='bbox 954 2930 1132 2988; x_wconf 90' lang='lat' dir='ltr'>recreatos</span> <span class='ocrx_word' id='word_1_230' title='bbox 1155 2946 1216 3007; x_wconf 92' lang='lat' dir='ltr'>pu·</span> 
     </span>
     <span class='ocr_line' id='line_1_32' title="bbox 158 3015 1216 3095; baseline 0.005 -23"><span class='ocrx_word' id='word_1_231' title='bbox 158 3016 236 3072; x_wconf 89' lang='lat' dir='ltr'>tant</span> <span class='ocrx_word' id='word_1_232' title='bbox 243 3031 251 3087; x_wconf 91' lang='lat'>;</span> <span class='ocrx_word' id='word_1_233' title='bbox 278 3030 425 3091; x_wconf 88' lang='lat' dir='ltr'>cumque</span> <span class='ocrx_word' id='word_1_234' title='bbox 449 3030 567 3074; x_wconf 89' lang='lat' dir='ltr'>omnes</span> <span class='ocrx_word' id='word_1_235' title='bbox 583 3030 653 3072; x_wconf 92' lang='lat' dir='ltr'>uno</span> <span class='ocrx_word' id='word_1_236' title='bbox 678 3031 788 3091; x_wconf 93' lang='lat' dir='ltr'>prope</span> <span class='ocrx_word' id='word_1_237' title='bbox 806 3030 976 3075; x_wconf 87' lang='lat' dir='ltr'>consensu</span> <span class='ocrx_word' id='word_1_238' title='bbox 993 3015 1035 3075; x_wconf 92' lang='lat' dir='ltr'>de</span> <span class='ocrx_word' id='word_1_239' title='bbox 1051 3033 1106 3076; x_wconf 88' lang='lat' dir='ltr'>me</span> <span class='ocrx_word' id='word_1_240' title='bbox 1123 3016 1216 3095; x_wconf 90' lang='lat' dir='ltr'>apud</span> 
     </span>
     <span class='ocr_line' id='line_1_33' title="bbox 158 3099 1217 3181; baseline 0.004 -22"><span class='ocrx_word' id='word_1_241' title='bbox 158 3103 193 3160; x_wconf 91' lang='lat' dir='ltr'>te</span> <span class='ocrx_word' id='word_1_242' title='bbox 218 3118 267 3176; x_wconf 89' lang='lat' dir='ltr'>ea,</span> <span class='ocrx_word' id='word_1_243' title='bbox 291 3118 380 3178; x_wconf 86' lang='lat' dir='ltr'>quae</span> <span class='ocrx_word' id='word_1_244' title='bbox 404 3099 489 3160; x_wconf 92' lang='lat' dir='ltr'>mihi</span> <span class='ocrx_word' id='word_1_245' title='bbox 505 3099 724 3179; x_wconf 87' lang='lat' dir='ltr'>optatissima</span> <span class='ocrx_word' id='word_1_246' title='bbox 741 3106 830 3177; x_wconf 83' lang='lat' dir='ltr'>sunt,</span> <span class='ocrx_word' id='word_1_247' title='bbox 855 3101 1118 3181; x_wconf 89' lang='lat' dir='ltr'>praedicabunt,</span> <span class='ocrx_word' id='word_1_248' title='bbox 1142 3109 1217 3165; x_wconf 91' lang='lat' dir='ltr'>tum</span> 
     </span>
    </p>
   </div>
   <div class='ocr_carea' id='block_1_3' title="bbox 158 3187 1217 3794">
    <p class='ocr_par' dir='ltr' id='par_1_4' title="bbox 158 3187 1217 3794">
     <span class='ocr_line' id='line_1_34' title="bbox 158 3187 1216 3270; baseline 0.004 -22"><span class='ocrx_word' id='word_1_249' title='bbox 158 3187 249 3248; x_wconf 89' lang='lat' dir='ltr'>duae</span> <span class='ocrx_word' id='word_1_250' title='bbox 272 3187 446 3249; x_wconf 88' lang='lat' dir='ltr'>maximae</span> <span class='ocrx_word' id='word_1_251' title='bbox 470 3187 651 3249; x_wconf 89' lang='lat' dir='ltr'>clientelae</span> <span class='ocrx_word' id='word_1_252' title='bbox 667 3192 758 3264; x_wconf 87' lang='lat' dir='ltr'>tuae,</span> <span class='ocrx_word' id='word_1_253' title='bbox 782 3187 920 3268; x_wconf 83' lang='lat' dir='ltr'>Cyprus</span> <span class='ocrx_word' id='word_1_254' title='bbox 940 3189 1054 3252; x_wconf 91' lang='lat' dir='ltr'>insula</span> <span class='ocrx_word' id='word_1_255' title='bbox 1078 3198 1112 3252; x_wconf 88' lang='lat' dir='ltr'>et</span> <span class='ocrx_word' id='word_1_256' title='bbox 1130 3190 1216 3270; x_wconf 84' lang='lat' dir='ltr'>Cap·</span> 
     </span>
     <span class='ocr_line' id='line_1_35' title="bbox 158 3275 1216 3357; baseline 0.002 -21"><span class='ocrx_word' id='word_1_257' title='bbox 158 3275 327 3353; x_wconf 89' lang='lat' dir='ltr'>padociae</span> <span class='ocrx_word' id='word_1_258' title='bbox 343 3293 500 3353; x_wconf 90' lang='lat' dir='ltr'>regnum,</span> <span class='ocrx_word' id='word_1_259' title='bbox 522 3280 637 3337; x_wconf 88' lang='lat' dir='ltr'>tecum</span> <span class='ocrx_word' id='word_1_260' title='bbox 654 3275 773 3337; x_wconf 87' lang='lat' dir='ltr'>deme</span> <span class='ocrx_word' id='word_1_261' title='bbox 788 3275 985 3355; x_wconf 90' lang='lat' dir='ltr'>loquentur,</span> <span class='ocrx_word' id='word_1_262' title='bbox 1009 3284 1095 3357; x_wconf 92' lang='lat' dir='ltr'>puto</span> <span class='ocrx_word' id='word_1_263' title='bbox 1111 3278 1216 3338; x_wconf 90' lang='lat' dir='ltr'>etiam</span> 
     </span>
     <span class='ocr_line' id='line_1_36' title="bbox 158 3362 1215 3442; baseline 0.004 -19"><span class='ocrx_word' id='word_1_264' title='bbox 158 3380 279 3441; x_wconf 90' lang='lat' dir='ltr'>regem</span> <span class='ocrx_word' id='word_1_265' title='bbox 292 3363 505 3436; x_wconf 87' lang='lat' dir='ltr'>Deiotarum,</span> <span class='ocrx_word' id='word_1_266' title='bbox 522 3363 582 3442; x_wconf 89' lang='lat' dir='ltr'>qui</span> <span class='ocrx_word' id='word_1_267' title='bbox 599 3363 660 3424; x_wconf 92' lang='lat' dir='ltr'>uni</span> <span class='ocrx_word' id='word_1_268' title='bbox 677 3362 743 3425; x_wconf 90' lang='lat' dir='ltr'>tibi</span> <span class='ocrx_word' id='word_1_269' title='bbox 759 3369 811 3425; x_wconf 87' lang='lat' dir='ltr'>est</span> <span class='ocrx_word' id='word_1_270' title='bbox 827 3365 977 3427; x_wconf 87' lang='lat' dir='ltr'>maxime</span> <span class='ocrx_word' id='word_1_271' title='bbox 989 3365 1215 3427; x_wconf 82' lang='lat' dir='ltr'>necessarius</span> 
     </span>
     <span class='ocr_line' id='line_1_37' title="bbox 158 3449 1217 3521; baseline 0.005 -11"><span class='ocrx_word' id='word_1_272' title='bbox 158 3449 257 3521; x_wconf 83' lang='lat' dir='ltr'>Quae</span> <span class='ocrx_word' id='word_1_273' title='bbox 286 3451 315 3512; x_wconf 87' lang='lat' dir='ltr'>si</span> <span class='ocrx_word' id='word_1_274' title='bbox 345 3450 450 3512; x_wconf 89' lang='lat' dir='ltr'>etiam</span> <span class='ocrx_word' id='word_1_275' title='bbox 479 3451 612 3512; x_wconf 89' lang='lat' dir='ltr'>maiora</span> <span class='ocrx_word' id='word_1_276' title='bbox 641 3457 722 3512; x_wconf 87' lang='lat' dir='ltr'>sunt</span> <span class='ocrx_word' id='word_1_277' title='bbox 756 3458 790 3514; x_wconf 90' lang='lat' dir='ltr'>et</span> <span class='ocrx_word' id='word_1_278' title='bbox 817 3453 854 3513; x_wconf 93' lang='lat' dir='ltr'>in</span> <span class='ocrx_word' id='word_1_279' title='bbox 884 3453 1045 3514; x_wconf 88' lang='lat' dir='ltr'>omnibus</span> <span class='ocrx_word' id='word_1_280' title='bbox 1068 3452 1217 3515; x_wconf 88' lang='lat' dir='ltr'>saeculis</span> 
     </span>
     <span class='ocr_line' id='line_1_38' title="bbox 158 3538 1217 3620; baseline 0.003 -21"><span class='ocrx_word' id='word_1_281' title='bbox 158 3539 343 3617; x_wconf 88' lang='lat' dir='ltr'>pauciores</span> <span class='ocrx_word' id='word_1_282' title='bbox 360 3538 429 3600; x_wconf 81' lang='lat' dir='ltr'>viri</span> <span class='ocrx_word' id='word_1_283' title='bbox 445 3538 578 3617; x_wconf 89' lang='lat' dir='ltr'>reperti</span> <span class='ocrx_word' id='word_1_284' title='bbox 595 3545 685 3616; x_wconf 90' lang='lat' dir='ltr'>sunt,</span> <span class='ocrx_word' id='word_1_285' title='bbox 701 3539 760 3618; x_wconf 92' lang='lat' dir='ltr'>qui</span> <span class='ocrx_word' id='word_1_286' title='bbox 778 3558 858 3601; x_wconf 87' lang='lat' dir='ltr'>suas</span> <span class='ocrx_word' id='word_1_287' title='bbox 875 3540 1094 3618; x_wconf 74' lang='lat' dir='ltr'>cupiditates</span> <span class='ocrx_word' id='word_1_288' title='bbox 1112 3560 1217 3620; x_wconf 89' lang='lat' dir='ltr'>quam</span> 
     </span>
     <span class='ocr_line' id='line_1_39' title="bbox 159 3625 1216 3707; baseline 0 -20"><span class='ocrx_word' id='word_1_289' title='bbox 159 3626 220 3704; x_wconf 93' lang='lat' dir='ltr'>qui</span> <span class='ocrx_word' id='word_1_290' title='bbox 244 3625 397 3687; x_wconf 86' lang='lat' dir='ltr'>hostium</span> <span class='ocrx_word' id='word_1_291' title='bbox 413 3626 531 3706; x_wconf 89' lang='lat' dir='ltr'>copias</span> <span class='ocrx_word' id='word_1_292' title='bbox 548 3626 738 3704; x_wconf 88' lang='lat' dir='ltr'>vincerent,</span> <span class='ocrx_word' id='word_1_293' title='bbox 762 3634 814 3690; x_wconf 91' lang='lat' dir='ltr'>est</span> <span class='ocrx_word' id='word_1_294' title='bbox 830 3627 990 3707; x_wconf 83' lang='lat' dir='ltr'>proiecto</span> <span class='ocrx_word' id='word_1_295' title='bbox 1007 3634 1114 3702; x_wconf 90' lang='lat' dir='ltr'>tuum,</span> <span class='ocrx_word' id='word_1_296' title='bbox 1139 3647 1216 3689; x_wconf 86' lang='lat' dir='ltr'>cum</span> 
     </span>
     <span class='ocr_line' id='line_1_40' title="bbox 158 3712 1217 3794; baseline -0.003 -19"><span class='ocrx_word' id='word_1_297' title='bbox 158 3713 205 3775; x_wconf 91' lang='lat' dir='ltr'>ad</span> <span class='ocrx_word' id='word_1_298' title='bbox 227 3732 285 3774; x_wconf 87' lang='lat' dir='ltr'>res</span> <span class='ocrx_word' id='word_1_299' title='bbox 308 3713 452 3775; x_wconf 89' lang='lat' dir='ltr'>bellicas</span> <span class='ocrx_word' id='word_1_300' title='bbox 472 3714 567 3790; x_wconf 91' lang='lat' dir='ltr'>haec,</span> <span class='ocrx_word' id='word_1_301' title='bbox 592 3732 681 3794; x_wconf 89' lang='lat' dir='ltr'>quae</span> <span class='ocrx_word' id='word_1_302' title='bbox 697 3716 837 3777; x_wconf 88' lang='lat' dir='ltr'>rariora</span> <span class='ocrx_word' id='word_1_303' title='bbox 854 3721 888 3776; x_wconf 93' lang='lat' dir='ltr'>et</span> <span class='ocrx_word' id='word_1_304' title='bbox 905 3712 1110 3776; x_wconf 83' lang='lat' dir='ltr'>difficiliora</span> <span class='ocrx_word' id='word_1_305' title='bbox 1127 3721 1217 3787; x_wconf 89' lang='lat' dir='ltr'>sunt,</span> 
     </span>
    </p>
   </div>
   <div class='ocr_carea' id='block_1_4' title="bbox 0 0 1379 4075">
    <p class='ocr_par' dir='ltr' id='par_1_5' title="bbox 0 0 1379 4075">
     <span class='ocr_line' id='line_1_41' title="bbox 0 0 1379 4075; baseline 0 0"><span class='ocrx_word' id='word_1_306' title='bbox 0 0 1379 4075; x_wconf 95' lang='lat' dir='ltr'> </span> 
     </span>
    </p>
   </div>
  </div>
 </body>
</html>
