2742 4075
171 184 215 246 ao
659 197 684 264 1,
705 199 747 252 1c.
776 151 778 154 ¹

172 358 320 420 multum
336 357 448 419 valuit
465 375 543 418 cum
560 363 661 419 vetus
678 356 841 433 amicitia,
865 374 970 435 quam
990 362 1027 418 tu
1045 375 1114 419 non
1130 358 1232 437 igno-

171 465 230 508 ras
257 446 344 507 mihi
372 451 406 507 et
430 444 559 516 Quinto
587 444 693 506 fratri
723 463 801 506 cum
825 443 975 505 Caesare
1003 444 1125 521 fuisse,
1154 451 1231 507 tum

172 534 371 596 humanitas
387 533 461 595 eius
479 551 518 594 ac
537 532 732 595 liberalitas
748 532 849 594 brevi
869 537 1026 610 tempore
1049 539 1084 594 et
1100 533 1232 595 litteris

172 628 207 684 et
238 621 368 684 officiis
397 627 580 700 perspecta
609 620 711 683 nobis
740 627 774 682 et
802 620 952 699 cognita.
1000 621 1232 683 Vehementer

173 710 278 772 etiam
293 728 351 771 res
367 709 444 788 ipsa
460 709 601 788 publica
619 727 672 770 me
689 708 809 785 movit,
833 708 1023 786 quaemihi
1041 709 1232 771 videbatur

173 796 443 873 contentionem,
472 797 680 875 praesertim
709 796 871 856 maximis
899 796 1005 857 rebus
1035 815 1054 857 a
1079 795 1233 859 Caesare

172 885 294 965 gestis,
319 903 396 946 cum
420 885 490 945 illis
515 885 601 946 viris
625 884 718 945 nolle
742 883 821 945 fieri
847 890 894 960 et,
918 902 961 945 ne
985 883 1104 961 fieret,
1127 884 1232 946 vehe-

172 979 306 1035 menter
330 990 502 1034 recusare.
541 971 755 1034 Gravissime
773 977 888 1033 autem
902 990 957 1033 me
972 972 1010 1032 in
1033 972 1098 1033 hac
1115 978 1232 1034 mente

172 1061 312 1140 impulit
328 1065 362 1122 et
378 1060 520 1138 Pompei
540 1059 638 1136 fides,
663 1078 769 1139 quam
786 1060 828 1120 de
844 1077 898 1120 me
913 1058 1056 1121 Caesari
1074 1060 1231 1137 dederat,

173 1155 207 1211 et
230 1148 355 1210 fratris
378 1148 455 1224 mei,
479 1166 584 1226 quam
600 1148 774 1226 Pompeio.
806 1147 918 1208 Erant
942 1154 1126 1225 praeterea
1142 1147 1230 1209 haec

174 1236 486 1298 animadvertenda
502 1235 538 1295 in
555 1235 707 1312 civitate,
733 1240 919 1314 quaesunt
937 1235 1030 1314 apud
1047 1235 1229 1297 Platonem

172 1330 332 1385 nostrum
360 1324 492 1402 scripta
521 1323 707 1401 divinitus,
738 1323 887 1402 quales
915 1323 956 1383 in
986 1341 1030 1384 re
1058 1324 1228 1402 publica

172 1412 387 1491 principes
423 1417 576 1488 essent,
614 1411 713 1472 talis
747 1410 937 1490 reliquos
970 1411 1106 1473 solere
1140 1430 1228 1473 esse

173 1500 294 1561 cives
342 1500 516 1561 Tenebam
539 1499 707 1560 memoria
731 1498 832 1560 nobis
861 1498 1063 1560 consulibus
1087 1517 1127 1560 ea
1151 1498 1227 1560 fun·

174 1588 335 1649 damenta
359 1588 451 1648 iacta
475 1587 545 1647 iam
569 1605 611 1647 ex
629 1586 666 1647 K.
684 1586 859 1648 Ianuariis
880 1585 1115 1648 confirmandi
1132 1605 1227 1649 sena-

172 1681 243 1752 tus,
277 1681 315 1736 ut
347 1675 520 1736 neminem
549 1673 672 1734 mirari
703 1679 882 1752 oporteret
911 1674 1019 1736 Nonis
1049 1675 1227 1737 Decembr.

173 1768 310 1825 tantum
338 1763 395 1825 vel
424 1762 530 1824 animi
559 1761 667 1824 fuisse
695 1762 732 1823 in
760 1761 821 1823 illo
850 1763 974 1823 ordine
997 1762 1054 1824 vel
1079 1763 1227 1824 auctori·

173 1851 270 1929 tatis,
298 1851 460 1930 idemque
489 1850 714 1912 memineram
745 1849 846 1911 nobis
875 1850 1025 1929 privatis
1049 1867 1157 1929 usque
1182 1850 1228 1911 ad

173 1939 359 2002 Caesarem
372 1946 406 2001 et
418 1940 582 2001 Bibulum
598 1939 766 2015 consules,
784 1956 862 1999 cum
877 1938 1070 2000 sententiae
1087 1942 1228 1999 nostrae

172 2047 338 2107 magnum
361 2027 397 2088 in
422 2033 545 2090 senatu
569 2026 706 2105 pondus
727 2025 907 2104 haberent,
931 2045 1039 2087 unum
1055 2025 1129 2088 iere
1154 2045 1226 2088 sen·

128 2123 162 2176 13
172 2134 249 2176 sum
273 2115 381 2176 fuisse
405 2115 577 2176 bonorum
595 2114 757 2175 omnium.
793 2114 927 2191 Postea,
952 2132 1030 2175 cum
1047 2118 1085 2175 tu
1102 2114 1228 2193 Hispa·

173 2202 267 2264 niam
296 2202 494 2263 citeriorem
523 2220 601 2263 cum
635 2201 784 2279 imperio
820 2202 997 2264 obtineres
1029 2221 1141 2281 neque
1170 2220 1230 2264 res

173 2290 314 2369 publica
339 2290 497 2351 consules
521 2289 681 2365 haberet,
709 2289 770 2350 sed
794 2296 1007 2352 mercatores
1031 2289 1229 2368 provincia·
1258 2323 1260 2327 f

172 2396 252 2439 rum
275 2383 309 2439 et
333 2377 543 2439 seditionum
568 2395 689 2439 servos
706 2395 745 2438 ac
770 2376 957 2454 ministros,
980 2378 1062 2439 iecit
1085 2378 1229 2457 quidam

173 2483 274 2527 casus
298 2471 403 2545 caput
418 2484 534 2527 meum
558 2464 658 2544 quasi
675 2465 877 2527 certaminis
901 2483 1006 2527 causa
1025 2466 1062 2527 in
1078 2466 1229 2527 mediam

173 2554 430 2615 contentionem
454 2553 774 2632 dissensionemque
802 2553 949 2615 civilem.
996 2553 1072 2624 Quo
1099 2554 1136 2615 in
1160 2553 1229 2615 dis·

173 2642 318 2704 crimine
352 2660 430 2703 cum
462 2641 635 2702 mirificus
668 2646 824 2718 senatus,
856 2641 1075 2703 incredibilis
1102 2641 1229 2703 Italiae

172 2730 289 2802 totius
313 2728 503 2809 singularis
527 2728 682 2791 omnium
706 2730 879 2791 bonorum
902 2747 1090 2791 consensus
1113 2729 1150 2791 in
1173 2748 1228 2791 me

172 2818 302 2879 tuendo
314 2817 514 2894 exstitisset,
527 2836 597 2880 uon
610 2817 732 2894 dicam,
744 2817 828 2896 quid
843 2817 1010 2879 acciderit
1024 2817 1229 2896 (multorum

172 2911 224 2967 est
248 2904 340 2966 enim
363 2909 398 2966 et
421 2905 521 2967 varia
545 2905 672 2985 culpa),
704 2910 841 2966 tantum
871 2905 985 2967 dicam
1014 2905 1129 2983 brevi,
1158 2924 1228 2967 non

171 2992 257 3053 mihi
281 2993 481 3071 exercitum,
506 2995 566 3056 sed
591 2994 697 3056 duces
721 2991 881 3055 defuisse.
928 2992 969 3054 In
994 3011 1071 3072 quo,
1095 2993 1229 3054 utiam

172 3081 218 3142 sit
241 3080 277 3140 in
300 3079 344 3142 iis
368 3082 480 3161 culpa,
505 3082 564 3161 qui
589 3100 643 3143 me
666 3100 737 3143 non
761 3080 1002 3158 defenderunt,
1026 3100 1096 3143 non
1112 3081 1229 3142 minor

172 3174 224 3230 est
247 3168 284 3229 in
306 3168 364 3246 iis,
393 3170 453 3248 qui
476 3170 711 3248 reliquerunt,
735 3174 785 3246 et,
813 3168 842 3229 si
868 3168 1054 3231 accusandi
1079 3174 1174 3247 sunt,
1198 3169 1228 3230 si

172 3257 232 3336 qui
256 3257 522 3336 pertimuerunt,
546 3257 658 3336 magis
682 3256 788 3318 etiam
806 3256 1096 3336 reprehendendi,
1120 3257 1228 3336 siqui

171 3363 207 3408 se
238 3346 362 3407 timere
390 3345 608 3407 simularunt.
654 3344 747 3406 Illud
777 3344 918 3423 quidem
946 3350 1040 3407 certe
1068 3350 1228 3407 nostrum

171 3434 355 3495 consilium
379 3432 456 3494 iure
485 3432 700 3494 laudandum
728 3437 794 3509 est,
823 3433 883 3512 qui
908 3451 1002 3495 meos
1031 3432 1125 3495 cives
1149 3439 1184 3495 et
1207 3451 1228 3494 a

171 3538 225 3581 me
258 3525 484 3582 conservatos
517 3525 551 3582 et
585 3539 640 3581 me
673 3539 818 3583 servare
851 3520 1024 3599 cupientis
1058 3521 1227 3600 spoliatos

172 3606 320 3668 ducibus
348 3608 460 3669 servis
490 3608 635 3670 armatis
664 3609 756 3671 obici
785 3608 959 3670 noluerim
982 3608 1228 3687 declararique

172 3693 363 3770 maluerim,
388 3701 519 3773 quanta
543 3695 597 3757 vis
621 3714 696 3759 esse
719 3695 891 3775 potuisset
914 3695 951 3756 in
975 3713 1145 3757 consensu
1168 3695 1228 3756 bo·
1360 3676 1361 3757 l
