2742 4075
576 117 616 171 aa
634 117 696 172 111.
716 116 740 184 1,
761 118 802 170 19.
1197 101 1214 158 7

154 277 244 339 urbe
274 277 417 338 censuit.
470 277 546 337 Η66
575 276 666 338 idem
696 281 775 354 post
803 294 857 337 me
881 275 1046 354 Pompeio
1079 274 1215 349 aeoidit,

156 371 196 426 ut
220 383 283 426 nos
307 365 377 427 duo
402 363 501 442 quasi
526 363 677 442 pignora
696 363 748 425 rei
773 362 934 442 publicae
950 362 1096 423 retineri
1121 361 1214 423 vide·

156 471 285 514 remur.
332 451 422 523 Quid
448 451 540 513 enim
563 469 629 529 ego
654 451 804 512 aliorum
833 451 869 510 in
897 468 952 511 me
975 445 1216 533 ἐπιφωνήματα

149 544 364 619 exspectem,
389 557 467 601 eum
491 538 576 600 haee
600 538 695 601 domi
719 538 766 598 mi
790 539 1003 600 nasoantur?

219 669 221 671 -
246 628 410 690 Urbanae
435 631 550 688 autem
578 645 635 688 res
659 626 709 687 616
733 644 770 687 66
800 626 936 690 habent.
984 625 1134 705 Agraria
1159 625 1242 693 16114

151 734 178 778 a
202 715 325 777 Flavio
349 714 493 776 tribuno
521 714 566 792 pl.
591 714 815 775 vehementer
845 713 1047 793 agitabatur
1073 718 1215 775 auotore

156 803 325 883 Pompeio
333 823 341 879 ;
376 820 466 881 quae
489 800 577 862 nihil
600 801 772 881 populare
795 802 948 863 habebat
972 805 1112 880 praeter
1138 819 1216 863 auo-

157 897 280 953 torem.
320 892 373 952 Ex
398 890 463 951 1166
487 880 552 968 ego'
568 888 645 968 lege
669 890 821 952 secunda
846 889 1018 951 oontionis
1035 889 1216 951 voluntate

151 978 274 1040 emnia
291 978 351 1039 illa
370 978 545 1053 tollebam,
566 995 655 1055 quae
669 977 713 1038 ad
727 977 947 1056 privatorum
959 976 1217 1039 incommodum

158 1066 393 1145 pertinebant,
417 1065 612 1127 liberabam
637 1083 762 1144 agrum
786 1084 873 1141 eum,
897 1065 957 1144 qui
981 1065 1017 1126 P.
1042 1065 1156 1126 Mucio
1180 1065 1216 1126 L.

153 1153 353 1233 ¹Calpurnio
385 1152 587 1214 oonsulibus
620 1153 782 1232 publicus
816 1152 956 1228 fuisset,
993 1151 1216 1214 Sullanorum

159 1242 339 1303 hominum
362 1240 598 1320 possessiones
622 1239 885 1317 confirmabam,
910 1241 1159 1303 Volaterranos
1183 1246 1217 1303 et

158 1330 352 1407 Arretinos,
376 1346 526 1408 quorum
550 1345 675 1406 agrum
692 1328 788 1389 Sulla
813 1327 1014 1408 publicarat
1031 1346 1142 1407 neque
1167 1329 1216 1391 di-

158 1418 301 1494 viserat,
317 1417 353 1477 in
370 1434 432 1478 sua
449 1415 667 1496 possessione
683 1416 896 1491 retinebam;
922 1435 1026 1478 unam
1043 1416 1217 1477 rationem

157 1524 229 1566 6611
252 1505 450 1581 reieiebam,
473 1508 513 1564 ut
538 1522 621 1582 ager
646 1503 711 1565 1166
734 1503 932 1565 adventicia
957 1503 1104 1582 pecunia
1128 1521 1216 1565 eme-

157 1599 267 1669 retur,
292 1610 381 1671 quae
404 1610 447 1653 ex
471 1591 573 1653 novis
597 1591 830 1669 vestigalibus
853 1609 916 1671 per
940 1591 1216 1670 quinquennium

157 1680 386 1760 reciperetur.
433 1679 524 1739 Η616
547 1678 613 1740 1611
640 1679 771 1740 rationi
802 1679 965 1758 agrariae
994 1685 1135 1741 senatus
1159 1681 1216 1740 ad·

159 1768 370 1830 versabatur
398 1766 579 1844 suspicans
603 1767 769 1845 Pompeio
797 1785 924 1827 novam
954 1767 1129 1845 quandam
1157 1786 1216 1845 po·

159 1854 307 1915 tentiam
331 1854 469 1931 quaeri;
502 1854 688 1932 Pompeius
716 1871 802 1915 vero
832 1855 876 1914 ad
900 1853 1116 1914 voluntatem
1140 1872 1216 1932 per-

160 1941 327 2003 ferendae
357 1939 444 2019 legis
472 1940 688 2003 incubuerat.
735 1942 811 2019 Ego
842 1945 958 2002 autem
986 1958 1113 2019 magna
1138 1958 1215 2001 oum

159 2029 385 2109 agrariorum
407 2029 524 2109 gratia
548 2028 804 2092 confirmabam
821 2028 975 2092 omnium
995 2029 1217 2110 privatorum

159 2118 410 2198 possessiones,
436 2117 466 2178 16
491 2118 583 2180 661111
607 2123 659 2179 661
682 2124 802 2180 noster
820 2118 1003 2195 exereitus
1028 2118 1216 2195 hominum,

159 2212 199 2267 ut
222 2211 296 2268 tute
320 2206 396 2284 sois,
420 2205 664 2285 locupletium,
698 2207 828 2285 popule
853 2211 970 2267 autem
993 2211 1028 2267 et
1051 2206 1217 2285 Pompeio

156 2295 256 2373 lnam
291 2294 328 2356 id
361 2311 500 2372 quoque
531 2295 706 2372 volebam)
741 2293 1000 2356 satisfaciebam
1034 2294 1217 2373 emptione,

155 2399 229 2461 qua
253 2382 443 2443 constituta
461 2381 649 2459 diligenter
673 2387 708 2443 et
725 2382 896 2444 sentinam
920 2382 1019 2443 urbis
1035 2382 1217 2444 exhauriri

159 2474 195 2530 et
222 2469 346 2531 Italiae
375 2468 599 2531 solitudinem
627 2469 847 2547 frequentari
876 2487 976 2549 posse
1006 2470 1216 2532 arbitrabar.

154 2555 228 2618 :Sed
251 2557 336 2619 11666
360 2561 434 2618 1616
458 2575 516 2618 res
539 2557 763 2636 interpellata
787 2557 879 2619 bello
903 2556 1103 2619 refrixerat.
1150 2558 1216 2619 Me·

159 2644 263 2706 tellus
287 2650 339 2706 est
363 2643 484 2705 oonsul
504 2663 587 2706 sane
610 2646 724 2707 bonus
741 2650 775 2707 et
792 2663 855 2707 nos
880 2646 1065 2707 admodum
1084 2645 1215 2724 diligit;

159 2731 218 2793 ille
243 2731 332 2794 alter
356 2731 444 2792 nihil
467 2732 516 2793 ita
541 2738 601 2809 est,
625 2737 664 2793 ut
680 2734 793 2811 plane,
818 2734 902 2812 quid
920 2732 1052 2808 emerit,
1077 2732 1217 2794 neseiat.

160 2820 256 2882 Haeo
286 2825 367 2881 sunt
399 2819 436 2880 in
466 2838 505 2881 re
535 2820 690 2899 publiea,
723 2820 790 2881 nisi
819 2821 923 2882 etiam
953 2820 1041 2882 illud
1070 2821 1115 2881 ad
1143 2828 1244 2881 rem5

160 2907 337 2986 publicam
361 2912 465 2986 putas
488 2908 680 2986 pertinere,
704 2909 918 2969 Herennium
945 2910 1133 2986 quendam,
1157 2909 1217 2969 tri·

159 2995 293 3056 bunum
325 2995 384 3074 pl.,
418 2994 583 3056 tribulem
616 3002 714 3057 tuum
746 3014 829 3057 sane
861 2996 1033 3057 hominem
1068 3015 1217 3076 nequam

160 3088 266 3161 atque
294 3086 469 3161 egentem,
497 3100 601 3162 saepe
629 3083 699 3144 iam
729 3084 770 3145 de
795 3084 830 3145 P.
856 3083 978 3145 Clodio
1008 3085 1052 3145 ad
1081 3085 1216 3164 plebem

158 3170 377 3232 traducendo
409 3187 514 3247 agere
543 3171 706 3249 eoepisse.
758 3171 850 3232 Huie
878 3171 1081 3250 frequenter
1112 3172 1217 3233 inter-

153 3258 306 3320 ·oeditur.
353 3256 449 3319 Haeo
473 3263 625 3335 sunt,'ut
649 3259 784 3337 opinor,
808 3258 844 3319 in
867 3278 906 3321 re
930 3259 1080 3338 publiea.

249 3346 325 3424 Ego
353 3350 483 3421 autem,
513 3350 552 3406 ut
581 3346 686 3408 semel
711 3347 890 3407 Nonarum
913 3347 1054 3408 illarum
1079 3347 1245 3408 Decem-t

159 3434 277 3496 brium
300 3433 456 3494 iunctam
479 3432 613 3494 invidia
644 3451 684 3494 ao
712 3434 903 3495 multorum
931 3433 1124 3494 inimicitiis
1148 3434 1217 3495 exi·

160 3522 266 3583 miam
283 3521 458 3599 quandam
475 3527 579 3599 atque
596 3521 828 3583 immortalem
844 3522 994 3600 gloriam
1012 3527 1216 3584 consecutus

159 3627 246 3686 sum,
259 3626 329 3670 non
340 3608 458 3669 destiti
472 3610 592 3670 eadem
605 3609 712 3670 animi
723 3609 967 3687 magnitudine
978 3609 1014 3669 iu
1024 3627 1063 3669 re
1076 3609 1217 3687 publiea
