2742 4075
370 202 410 257 ad
429 202 489 256 Att.
509 201 569 269 III,
590 204 631 257 10.
651 229 684 239 -
704 201 744 256 ad
762 199 835 255 fam.
855 201 935 268 XIV,
955 203 979 254 2.
1163 186 1203 246 15

147 363 322 440 attendas,
352 380 430 423 oum
453 361 566 442 pluris
590 360 742 422 facerem
774 379 878 439 quam
902 378 956 421 me
980 360 1094 439 ipsum
1118 378 1204 420 sem·

145 469 279 531 perque
310 449 483 526 fecissem,
516 448 628 511 vitavi
661 467 704 510 ne
739 448 909 524 viderem,
941 466 984 509 ne
1016 452 1076 508 aut
1109 447 1205 508 illius

146 539 280 600 luctum
308 537 577 617 squaloremque
606 537 798 616 aspicerem
829 541 889 597 aut
917 554 985 612 me,
1013 553 1116 614 quem
1144 534 1204 596 ille

145 626 435 688 florentissimum
458 624 659 704 reliquerat,
683 624 860 704 perditum
875 623 927 684 illi
952 622 1204 701 adflictumque

146 714 323 776 offerrem.
379 714 480 774 Mitto
511 718 627 774 cetera
659 711 916 786 intolerabilia;
954 710 1081 772 etenim
1116 709 1203 771 fletu

146 801 328 881 impedior.
369 800 436 861 Hic
452 805 571 862 utrum
595 800 737 861 tandem
760 818 837 860 sum
861 799 1085 874 accusandus
1110 799 1202 877 quod

148 890 258 966 doleo,
283 907 336 966 an,
360 889 454 967 quod
478 888 643 963 commisi,
667 894 706 948 ut
730 887 814 948 haec
839 893 899 947 aut
923 904 992 947 non
1015 887 1203 947 retinerem

149 977 259 1056 (quod
281 976 385 1038 facile
408 975 541 1050 fuisset,
564 975 631 1036 nisi
655 975 751 1036 intra
775 975 927 1054 parietes
951 992 1045 1035 meos
1062 974 1104 1034 de
1128 991 1203 1034 mea

146 1063 303 1144 pernicie
320 1063 465 1125 consilia
489 1063 679 1140 inirentur)
699 1068 758 1123 aut
775 1068 869 1124 certe
884 1062 988 1122 vivus
1011 1079 1081 1122 non
1106 1060 1204 1122 amit-

147 1154 284 1214 terem?

235 1240 331 1301 Haeo
360 1257 401 1301 eo
430 1238 569 1318 scripsi,
597 1242 635 1298 ut
663 1237 781 1316 potius
808 1236 986 1298 relevares
1014 1254 1081 1312 me,
1110 1236 1233 1315 quod3

147 1326 244 1404 facis,
269 1345 373 1406 quam
397 1331 435 1387 ut
460 1325 690 1405 castigatione
714 1331 774 1385 aut
790 1324 1035 1404 obiurgatione
1059 1324 1204 1403 dignum

147 1420 305 1493 putareS,
333 1433 443 1493 eoque
472 1415 517 1475 ad
545 1418 579 1475 te
608 1413 722 1474 minus
751 1412 860 1473 multa
889 1412 1019 1489 scribo,
1048 1412 1142 1490 quod
1169 1419 1203 1473 et

147 1520 308 1564 maerore
330 1502 503 1581 impedior
528 1506 575 1577 et,
604 1501 699 1579 quod
722 1506 918 1580 exspectem
946 1500 1064 1576 istinc,
1091 1500 1203 1578 magis

147 1590 269 1667 habeo,
294 1608 399 1668 quam
416 1590 510 1668 quod
524 1589 599 1667 ipse
616 1588 776 1650 scribam.
810 1586 905 1658 Quae
922 1588 951 1648 si
968 1594 1071 1648 erunt
1088 1586 1204 1662 allata,

147 1677 275 1739 faciam
305 1682 340 1739 te
369 1676 505 1738 consilii
534 1677 646 1737 nostri
676 1676 870 1738 certiorem.
924 1676 989 1752 Tu,
1022 1680 1060 1736 ut
1090 1675 1203 1737 adhuc

147 1765 272 1842 fecisti,
296 1783 400 1843 quam
424 1764 586 1844 plurimis
603 1764 646 1825 de
668 1764 776 1825 rebus
792 1764 837 1824 ad
860 1781 914 1824 me
931 1762 1036 1823 velim
1060 1762 1203 1838 scribas,

148 1858 187 1913 ut
215 1870 361 1931 prorsus
391 1870 435 1914 ne
466 1852 551 1931 quid
579 1851 747 1930 ignorem.
794 1851 882 1912 Data
906 1867 977 1912 xuu
1000 1849 1073 1911 Kal.
1099 1848 1205 1920 Quin-

149 1939 229 2001 tiles
253 1939 525 2002 Thessalonicae.

467 2203 515 2264 ll.
544 2204 603 2282 (ad
626 2202 707 2264 fam.
731 2202 819 2279 XIV,
844 2203 886 2279 2.)

179 2341 356 2397 TULLIUS
378 2341 407 2396 S.
428 2342 463 2396 D.
483 2341 723 2396 TERENTIAE
744 2341 849 2397 SUAE
871 2341 923 2395 ET
942 2340 1177 2396 TULLIOLAE

482 2429 533 2483 ET
554 2429 756 2486 CICERONI
777 2428 876 2484 SUIS.

237 2554 316 2616 Noli
329 2559 465 2634 putare
488 2573 541 2616 me
559 2556 603 2617 ad
620 2573 829 2634 quemquam
846 2554 1022 2633 longiores
1037 2554 1230 2634 epistulasl

148 2642 312 2719 scribere,
337 2641 456 2703 nisisi
481 2642 560 2722 quis
584 2643 629 2705 ad
652 2661 706 2705 me
729 2642 832 2723 plura
857 2642 1007 2722 scripsit,
1038 2642 1094 2703 cui
1119 2649 1205 2721 puto

147 2730 296 2792 rescribi
313 2735 492 2809 oportere;
519 2748 582 2792 nec
599 2731 691 2792 enim
711 2731 832 2807 habeo,
855 2730 941 2810 quid
957 2729 1117 2806 scribam,
1142 2748 1204 2791 nec

148 2818 213 2879 hoc
237 2822 394 2897 tempore
412 2817 599 2897 quiequam
616 2817 799 2879 difficilius
822 2818 930 2894 iacio;
958 2819 1002 2879 ad
1018 2823 1052 2879 te
1069 2836 1154 2880 vero
1170 2824 1204 2879 et

149 2906 195 2968 ad
210 2911 367 2967 nostram
384 2904 571 2967 Tulliolam
588 2923 657 2966 non
675 2924 765 2984 queo
781 2906 856 2967 sine
871 2905 1033 2985 plurimis
1050 2905 1205 2968 lacrimis

148 2992 319 3067 scribere;
353 3011 416 3054 vos
440 2993 532 3053 enim
556 2992 659 3054 video
683 3011 757 3054 esse
780 2993 1004 3071 miserrimas,
1029 3012 1115 3073 quas
1139 3012 1204 3074 ego

148 3080 367 3142 beatissimas
388 3097 524 3159 semper
549 3097 623 3141 esse
644 3080 741 3141 volui
765 3080 870 3159 idque
894 3086 1075 3161 praestare
1100 3082 1204 3144 debui

147 3174 191 3246 et,
215 3168 283 3229 nisi
303 3172 374 3228 tam
398 3167 512 3228 timidi
528 3166 724 3244 fuissemus,
747 3168 1008 3247 praestitissem.
1044 3169 1232 3231 Pisonem2

147 3259 307 3318 nostrum
329 3254 455 3316 merito
479 3254 554 3316 eius
574 3273 652 3317 amo
675 3255 873 3335 plurimum.
912 3257 1011 3333 Eum,
1034 3261 1072 3318 ut
1096 3257 1204 3336 potui,

147 3361 210 3422 per
235 3342 371 3404 litteras
395 3342 599 3405 cohortatus
619 3361 696 3404 sum
718 3343 922 3423 gratiasque
946 3343 1011 3422 egi,
1035 3348 1073 3404 ut
1090 3343 1204 3404 debui.

146 3431 188 3492 In
217 3430 319 3492 novis
346 3435 388 3492 tr.
420 3431 465 3510 pl.
495 3431 661 3510 intellego
691 3449 787 3511 spem
816 3437 850 3492 tc
879 3432 1017 3494 habere.
1066 3430 1108 3492 Id
1137 3431 1204 3492 erit

146 3518 300 3595 firmum,
324 3518 352 3580 si
370 3518 512 3597 Pompei
529 3518 694 3580 voluntas
717 3519 800 3594 erit;
827 3519 888 3581 sed
904 3519 1069 3581 Crassum
1088 3524 1205 3579 tamen

146 3611 273 3668 metuo.
308 3605 337 3666 Α
361 3611 395 3668 te
413 3606 553 3685 quidem
577 3607 694 3668 omnia
717 3606 799 3668 fieri
815 3605 1006 3668 fortissime
1029 3610 1063 3666 et
1088 3623 1204 3667 aman-

146 3693 280 3756 tissime
296 3693 400 3755 video
416 3711 479 3755 nec
495 3693 614 3770 miror,
638 3695 699 3755 sed
721 3710 859 3754 maereo
883 3710 1001 3753 casum
1025 3690 1205 3760 eiusmodi,
