2742 4075
157 134 197 193 22
644 147 668 214 1,
689 148 730 201 15.

156 306 221 383 dit,
249 312 288 367 ut
317 324 480 385 cuperem
511 324 615 384 quam
647 306 829 367 celerrime
858 323 914 367 res
944 310 1082 367 nostras
1105 306 1215 366 moni-

156 395 282 456 mentis
317 394 554 456 commendari
592 394 669 455 tuis
728 394 847 473 Neque
880 392 972 454 enim
1009 410 1063 453 me
1102 392 1216 454 solum

156 482 439 544 commemoratio
464 481 682 561 posteritatis
699 482 743 556 ad
763 500 859 561 spem
876 483 1051 560 quandam
1075 480 1214 541 immor·

156 570 304 632 talitatis
334 569 442 649 rapit,
473 571 534 631 sed
562 570 667 632 etiam
691 569 751 631 illa
777 569 964 648 cupiditas,
993 573 1032 630 ut
1056 568 1112 629 vel
1136 586 1213 629 auc-

156 659 300 719 toritate
328 657 517 719 testimonii
546 658 597 718 tui
627 657 683 719 vel
711 657 841 718 indicio
869 655 1134 719 benevolentiae
1157 656 1214 717 vel

157 745 331 806 suavitate
355 745 487 824 ingenii
512 745 585 807 vivi
610 745 844 825 perfruamur.

129 842 147 895 2
245 833 363 911 Neque
378 839 504 909 tamen,
519 833 604 894 haec
624 851 702 895 cum
724 833 929 910 scribebam,
952 851 1049 894 eram
1068 831 1214 908 nescius,

156 920 298 1000 quantis
327 921 493 982 oneribus
521 939 721 1000 premerere
755 926 997 1001 susceptarum
1030 938 1150 981 rerum
1181 924 1215 980 et

155 1009 225 1069 iam
249 1008 491 1070 institutarum
499 1029 506 1083 ;
543 1010 616 1086 sed,
641 1009 723 1088 quia
748 1009 911 1071 videbam
934 1008 1049 1070 Italici
1073 1007 1157 1069 belli
1181 1013 1215 1068 et

156 1097 270 1158 civilis
294 1097 477 1159 historiam
501 1096 571 1158 iam
595 1116 614 1159 a
639 1102 673 1159 te
697 1115 807 1176 paene
831 1115 906 1159 esse
929 1096 1137 1176 perfectam,
1165 1095 1213 1156 di-

155 1203 259 1247 xeras
281 1191 395 1246 autem
419 1185 503 1245 mihi
529 1191 562 1247 te
586 1186 742 1265 reliquas
765 1203 822 1247 res
838 1184 960 1262 ordiri,
985 1186 1103 1246 deesse
1128 1182 1213 1244 mihi

156 1272 263 1349 nolui,
287 1272 371 1351 quin
395 1279 429 1334 te
455 1273 685 1350 admonerem,
710 1280 748 1334 ut
772 1273 955 1352 cogitares
987 1273 1215 1334 coniunctene

155 1361 276 1422 malles
305 1379 383 1422 cum
410 1360 557 1440 reliquis
585 1362 692 1423 rebus
723 1366 843 1423 nostra
873 1366 1058 1423 contexere
1088 1378 1146 1435 an,
1177 1364 1215 1419 ut

154 1449 255 1510 multi
273 1448 397 1510 Graeci
421 1448 589 1526 fecerunt,
615 1449 844 1511 Callisthenes
861 1448 1051 1510 Phocicum
1074 1447 1214 1523 bellum,

155 1537 316 1599 Timaeus
333 1537 472 1616 Pyrrhi,
497 1536 664 1616 Polybius
684 1537 945 1613 Numantinum,
970 1536 1030 1615 qui
1055 1553 1174 1597 omnes
1196 1553 1214 1596 a

155 1624 335 1705 perpetuis
362 1626 434 1686 suis
462 1625 619 1686 historiis
643 1644 697 1702 ea,
727 1643 816 1704 quae
841 1624 928 1701 dixi,
957 1624 1049 1686 bella
1075 1642 1213 1703 separa·

156 1719 297 1789 verunt,
330 1719 368 1774 tu
402 1731 540 1792 quoque
571 1713 655 1775 item
686 1713 824 1774 civilem
859 1712 1138 1775 coniurationem
1171 1711 1214 1772 ab

156 1800 343 1863 hostilibus
367 1801 591 1880 externisque
615 1802 717 1863 bellis
733 1801 944 1880 seiungeres.
982 1799 1154 1879 Equidem
1170 1798 1215 1859 ad

156 1895 313 1951 nostram
337 1889 476 1951 laudem
500 1908 570 1952 non
593 1890 742 1951 multum
766 1889 869 1951 video
892 1889 1070 1965 interesse,
1094 1886 1155 1948 sed
1172 1886 1216 1948 ad

157 1977 441 2057 properationem
471 1996 581 2041 meam
613 1978 780 2057 quiddam
813 1978 960 2040 interest
991 1995 1061 2039 non
1094 1980 1127 2037 te
1160 1992 1215 2037 ex-

158 2071 330 2144 spectare,
365 2066 447 2127 dum
473 2067 515 2126 ad
540 2066 655 2127 locum
686 2067 821 2142 venias,
851 2084 891 2127 ac
923 2064 1042 2127 statim
1076 2082 1217 2125 causam

158 2152 254 2213 illam
279 2157 388 2213 totam
412 2159 446 2214 et
469 2159 606 2231 tempus
631 2153 805 2233 arripere3
839 2159 872 2215 et
897 2153 1009 2229 simul,
1033 2152 1062 2214 si
1086 2170 1156 2213 uno
1180 2152 1217 2212 in

159 2248 366 2318 argumento
390 2258 529 2318 unaque
552 2241 589 2301 in
612 2259 762 2320 persona
792 2260 888 2302 mens
912 2248 973 2303 tua
1002 2247 1075 2302 tota
1099 2257 1216 2301 versa·

158 2328 264 2404 bitur,
288 2345 392 2390 cerno
409 2329 479 2388 iam
496 2328 621 2405 animo,
646 2335 777 2408 quanto
796 2331 911 2391 omnia
928 2329 1093 2390 uberiora
1112 2333 1217 2406 atque

122 2446 124 2450 ·
158 2415 339 2477 ornatiora
368 2415 488 2477 futura
518 2416 595 2478 sint.
647 2417 766 2496 Neque
795 2424 912 2479 tamen
940 2417 1079 2496 ignoro,
1111 2433 1217 2494 quam

158 2504 368 2583 inpudenter
397 2503 538 2581 faciam,
568 2504 628 2583 qui
659 2506 810 2584 primum
840 2505 905 2566 tibi
934 2511 1071 2566 tantum
1100 2503 1217 2565 oneris

158 2592 334 2671 imponam
360 2593 488 2671 (potest
513 2593 604 2654 enim
620 2593 706 2653 mihi
732 2594 905 2672 denegare
923 2591 1106 2671 occupatio
1130 2590 1216 2668 tua),

159 2680 284 2742 deinde
309 2680 427 2757 etiam,
456 2686 494 2741 ut
518 2699 622 2742 ornes
646 2699 714 2757 me,
742 2682 923 2760 postulem.
970 2679 1076 2755 Quid,
1102 2679 1131 2739 si
1155 2678 1217 2739 illa

131 2769 223 2830 stibi
248 2787 317 2829 non
341 2773 440 2829 tanto
465 2786 570 2847 opere
586 2768 752 2830 videntur
777 2769 958 2830 ornanda?
999 2767 1067 2829 Sed
1091 2773 1217 2843 tamen,

159 2856 219 2935 qui
248 2856 353 2917 semel
378 2856 610 2918 verecundiae
634 2856 718 2918 finis
742 2856 937 2933 transierit,
968 2874 1047 2917 eum
1071 2855 1159 2916 bene
1183 2859 1217 2915 et

158 2942 296 3004 naviter
326 2950 465 3021 oportet
496 2956 569 3006 esse
600 2944 847 3023 impudentem.
898 2945 1022 3022 Itaque
1051 2949 1085 3004 te
1113 2941 1217 3022 plane

158 3030 264 3091 etiam
288 3036 392 3109 atque
416 3031 521 3093 etiam
545 3051 641 3111 rogo,
666 3039 705 3093 ut
729 3038 763 3093 et
787 3049 890 3093 ornes
914 3050 954 3093 ea
977 3029 1218 3092 vehementius

158 3117 273 3195 etiam,
298 3137 401 3197 quam
425 3118 575 3182 fortasse
600 3120 717 3197 sentiS,
747 3126 781 3181 et
804 3120 841 3180 in
865 3137 906 3181 eo
930 3119 1024 3198 leges
1048 3117 1218 3179 historiae

157 3206 324 3285 neglegas
341 3207 564 3287 gratiamque
576 3208 682 3284 illam,
699 3208 741 3269 de
760 3225 828 3286 qua
842 3207 1047 3269 suavissime
1065 3206 1217 3284 quodam

157 3294 194 3355 in
229 3294 408 3374 prooemio
442 3295 630 3374 scripsisti,
666 3314 685 3356 a
717 3314 785 3375 qua
819 3300 852 3357 te
881 3294 977 3356 flecti
1006 3313 1076 3355 non
1104 3293 1218 3371 magis

158 3383 313 3461 potuisse
342 3383 561 3444 demonstras
593 3402 697 3461 quam
721 3383 910 3445 Herculem
934 3380 1218 3462 Xenophontium

157 3470 256 3531 illum
282 3490 300 3532 a
319 3470 516 3551 Voluptate,
540 3490 625 3548 eam,
649 3471 678 3532 si
702 3490 756 3533 me
772 3471 845 3533 ‘tihi
862 3469 1103 3533 vehementius
1127 3486 1217 3531 com-

158 3558 351 3636 mendabit,
379 3577 422 3620 ne
452 3577 639 3638 aspernere
665 3560 845 3638 amorique
874 3563 995 3619 nostro
1019 3556 1218 3637 plusculum

157 3644 272 3722 etiam,
297 3665 401 3725 quam
426 3648 592 3709 concedet
616 3647 757 3725 veritas,
781 3645 944 3724 largiare.
