2742 4075
170 182 213 240 44
656 196 680 263 1,
701 198 743 251 19.

170 354 333 416 laudibus
357 354 393 414 in
418 361 554 430 senatu,
582 354 619 415 in
647 354 869 429 contionibus
898 355 942 416 ad
971 355 1105 417 caelum
1129 363 1236 417 extu-

170 442 260 518 listi;
287 442 385 503 cuius
402 460 467 521 ego
490 459 625 520 semper
642 446 740 503 tanta
765 460 839 503 esse
855 443 1045 504 verborum
1068 444 1232 523 pondera

170 531 302 610 putavi,
331 536 369 590 ut
394 547 463 590 uno
488 530 597 591 verbo
621 535 681 591 tuo
711 548 789 591 cum
812 548 888 591 mea
912 530 1016 592 laude
1040 531 1234 594 coniuncto

170 618 286 679 omnia
315 617 460 696 adsequi
493 636 547 678 me
579 617 790 693 arbitrarer;
826 624 860 679 te
893 619 1043 697 denique
1076 620 1232 696 memini,

171 723 249 767 cum
273 706 410 767 cuidam
439 704 633 767 clarissimo
663 710 767 784 atque
791 705 923 785 optimo
947 706 1025 767 viro
1054 707 1232 787 supplica·

170 794 300 854 tionem
324 811 393 855 non
418 794 636 870 decerneres,
661 793 777 855 dicere
801 798 835 855 te
860 795 1097 870 decreturum,
1121 795 1149 855 si
1174 813 1233 856 re-

170 881 325 941 ferretur
349 881 393 942 ob
418 899 476 942 eas
492 899 558 956 res,
583 899 669 960 quas
688 881 719 942 is
736 882 856 943 consul
880 883 915 943 in
933 882 1020 944 urbe
1044 882 1228 961 gessissem

170 973 208 1029 111
236 969 328 1030 idem
356 969 441 1029 mihi
470 969 762 1048 supplicationem
787 970 973 1031 decrevisti
998 976 1119 1049 togato
1147 988 1233 1048 non,

170 1062 208 1117 ut
224 1057 352 1132 multis,
376 1074 414 1117 re
437 1075 469 1135 p.
485 1056 573 1118 bene
589 1062 698 1136 gesta,
722 1057 791 1131 sed,
815 1063 853 1118 ut
877 1057 1016 1134 nemini,
1039 1076 1078 1119 re
1097 1077 1129 1138 p.
1147 1076 1229 1119 con-

126 1149 319 1209 12servata.
366 1144 476 1219 Mitte,
501 1145 594 1223 quod
619 1145 798 1222 invidiam,
823 1145 916 1223 quod
940 1145 1106 1224 pericula,
1133 1147 1228 1224 quod

170 1232 282 1293 omnis
309 1250 404 1293 meas
433 1237 657 1312 tempestates
685 1239 719 1294 et
749 1233 899 1294 subieris
923 1238 957 1294 31
985 1233 1096 1294 multo
1120 1234 1228 1295 etiam

169 1320 290 1398 magis,
315 1320 343 1380 si
368 1338 431 1399 per
447 1338 501 1381 me
519 1320 682 1397 licuisset,
708 1320 826 1383 subire
845 1320 1090 1399 paratissimus
1106 1321 1228 1398 fueris,

170 1408 263 1486 quod
294 1407 443 1486 denique
471 1407 650 1469 inimicum
683 1427 797 1471 meum
826 1417 923 1470 tuum
957 1408 1136 1470 inimicum
1165 1427 1227 1489 pu-

169 1494 267 1571 13113,
291 1495 389 1557 3111113
413 1495 517 1556 311331
541 1495 732 1572 interitum,
756 1515 834 1558 cum
857 1496 961 1558 facile
977 1497 1226 1576 intellegerem,

168 1583 253 1643 mihi
279 1589 448 1661 quantum
472 1584 655 1661 tribueres,
679 1585 818 1646 Milonis
843 1603 947 1645 causa
963 1585 1000 1645 in
1022 1591 1145 1646 senatu
1170 1587 1225 1647 de-

168 1669 343 1732 fendenda
373 1671 590 1751 adprobaris.
641 1672 669 1732 A
698 1691 752 1733 me
781 1680 895 1734 autem
924 1672 1009 1733 haec
1038 1679 1119 1734 sunt
1146 1693 1226 1753 pro-

169 1758 274 1835 fecta,
303 1777 392 1838 quae
420 1778 489 1821 non
519 1777 583 1838 ego
612 1760 649 1820 in
676 1760 839 1821 beneficii
870 1761 946 1821 loco
970 1778 1076 1840 pono,
1105 1762 1224 1823 sedin

169 1846 245 1908 veri
270 1847 459 1910 testimonii
477 1853 580 1926 atque
598 1847 729 1923 iudicii,
753 1853 791 1907 ut
811 1848 1130 1926 praestantissimas
1147 1855 1225 1911 tuas

169 1935 319 1997 virtutes
350 1955 420 1997 non
452 1936 580 1997 tacitus
612 1935 808 1997 admirarer
841 1936 933 2014 (quis
965 1936 1056 1997 enim
1088 1937 1125 1998 id
1155 1955 1224 1998 non

169 2023 304 2102 faciti),
328 2025 388 2086 sed
412 2025 448 2086 in
473 2023 634 2086 omnibus
651 2023 880 2101 orationibus,
905 2024 1086 2087 sententiis
1110 2025 1224 2087 dicen·

170 2111 231 2187 dis,
256 2112 370 2172 causis
387 2111 541 2190 agendis,
566 2112 727 2174 omnibus
747 2112 889 2191 scriptis
906 2112 1057 2190 Graecis,
1081 2113 1224 2190 Latinis,

169 2198 262 2258 omni
292 2198 442 2276 denique
469 2199 643 2259 varietate
675 2199 874 2261 litterarum
908 2219 1064 2262 mearum
1093 2207 1126 2262 te
1155 2219 1224 2263 non

168 2285 272 2347 modo
296 2284 348 2362 iis,
373 2304 460 2364 quos
484 2285 701 2363 vidissemus,
725 2287 785 2348 sed
808 2287 861 2364 iis,
893 2289 935 2349 de
960 2289 1087 2367 quibus
1112 2289 1225 2350 audis·

169 2391 291 2450 semus,
317 2373 477 2435 omnibus
503 2373 723 2436 anteferrem.

125 2475 158 2527 13
257 2460 411 2532 Quaeres
435 2461 593 2539 fortasse,
618 2462 703 2541 quid
727 2462 781 2540 sit,
813 2464 905 2542 quod
930 2482 995 2543 ego
1019 2464 1084 2525 hoc
1107 2463 1225 2525 nescio

169 2548 254 2627 quid
277 2549 526 2629 gratulationis
543 2554 576 2611 et
593 2550 737 2613 honoris
754 2569 773 2612 a
791 2558 913 2613 senatu
930 2551 1019 2613 tanti
1037 2552 1224 2614 aestimem.

169 2637 280 2716 Agam
309 2637 378 2698 iam
407 2642 521 2699 tecum
549 2638 787 2716 familiariter,
822 2645 860 2700 ut
893 2645 945 2700 est
973 2644 1007 2700 et
1036 2639 1161 2701 studiis
1190 2647 1225 2701 et

169 2724 299 2787 officiis
322 2726 452 2787 nostris
475 2725 605 2786 mutuis
629 2731 663 2787 et
688 2744 821 2788 summa
846 2727 999 2789 amicitia
1022 2728 1166 2806 dignum
1190 2734 1224 2789 et

168 2813 423 2875 necessitudine
447 2814 551 2875 etiam
576 2820 732 2892 paterna.
780 2814 814 2877 Si
845 2815 1030 2894 quisquam
1061 2815 1128 2876 fuit
1152 2834 1223 2876 um-

169 2919 272 2979 quam
302 2906 457 2962 remotus
488 2905 522 2962 et
555 2906 681 2963 natura
712 2909 745 2964 et
775 2903 887 2981 magis
915 2903 1033 2980 etiam,
1066 2909 1105 2964 ut
1138 2903 1222 2965 mihi

169 2988 307 3067 quidem
326 2988 456 3050 sentire
468 2989 600 3066 videor,
616 2990 754 3052 ratione
772 2996 876 3069 atque
893 2991 1053 3053 doctrina
1067 2991 1110 3053 ab
1127 2991 1223 3052 inani

168 3075 271 3136 laude
288 3080 322 3137 et
339 3077 557 3138 sermonibus
574 3078 682 3156 vulgi,
699 3096 764 3157 ego
781 3078 940 3158 profecto
956 3079 986 3140 is
1003 3097 1087 3140 sum.
1113 3080 1223 3141 Testis

168 3168 220 3224 est
244 3164 444 3225 consulatus
468 3184 573 3242 moue,
597 3165 633 3225 in
658 3185 727 3244 quo
751 3166 841 3227 sicut
864 3166 901 3227 in
924 3167 1061 3245 reliqua
1077 3167 1150 3229 vita
1173 3167 1223 3229 fa·

168 3256 244 3313 teor
268 3270 308 3313 33
332 3269 386 3313 me
410 3253 564 3314 studiose
588 3262 755 3327 secutum,
783 3273 825 3315 ex
849 3255 977 3333 quibus
1000 3273 1085 3316 vera
1109 3255 1222 3334 gloria

168 3340 263 3401 nasci
287 3345 412 3420 posset,
437 3341 548 3419 ipsam
566 3342 706 3420 quidem
723 3342 872 3420 gloriam
897 3361 960 3421 per
977 3361 1012 3404 se
1034 3361 1222 3422 numquam

167 3429 290 3506 putavi
314 3429 552 3508 expetendam.
598 3429 722 3508 Itaque
752 3434 786 3491 et
815 3431 1034 3509 provinciam
1063 3435 1222 3492 ornatam

168 3525 201 3576 et
226 3535 322 3595 spem
345 3535 414 3578 non
439 3516 581 3578 dubiam
605 3517 774 3596 triumphi
804 3518 957 3597 neglexi,
989 3519 1221 3580 sacerdotium

168 3603 326 3681 denique,
351 3622 437 3680 cum,
462 3605 753 3682 quemadmodum
778 3612 812 3666 13
832 3606 1033 3666 existimare
1058 3606 1222 3682 arbitror,

167 3707 237 3749 non
262 3689 470 3752 difficillime
488 3692 652 3770 consequi
676 3710 822 3771 possem,
847 3710 915 3752 non
934 3693 1105 3770 appetivi;
1130 3694 1222 3754 idem
