2742 4075
160 208 203 270 34
645 223 732 290 1,16.
802 219 804 223 “

161 381 370 444 defendendi
395 382 526 444 Vatinii
550 382 618 444 fuit
647 382 753 444 etiam
781 382 840 443 ille
868 382 1044 458 stimuluS,
1077 382 1120 443 de
1149 401 1230 460 quo

113 515 116 520 ,
159 470 197 531 in
224 470 369 546 iudicio,
402 488 480 531 cum
510 470 610 530 illum
641 469 879 546 defenderem,
912 469 985 531 dixi
1019 488 1073 531 me
1101 468 1229 532 facere

162 558 338 638 quiddam,
363 558 456 637 quod
479 558 516 619 in
533 558 704 619 Eunucho
720 557 897 636 parasitus
917 557 1080 619 suaderet
1096 556 1225 619 militi:

205 680 837 758 ι11111111111111101111Ρ110011110111,
861 687 904 742 tu
928 680 1186 760 Pamphilam

205 769 419 843 continuo;
446 769 480 830 si
506 769 673 848 quando
697 769 773 830 illa
799 769 929 830 dicet:
955 768 1224 829 ‘Phaedriam

205 856 536 918 intramittamus
560 857 856 932 admissatum',
881 856 1137 935 Pamphilam

206 945 418 1005 cantatum
442 946 735 1023 provocemus3
761 944 796 1005 si
819 943 1014 1005 laudabit
1037 944 1137 1004 haec

205 1033 326 1094 illius
349 1032 536 1109 formam,
560 1038 603 1093 tu
627 1032 750 1093 haius
773 1036 936 1107 contra;
963 1031 1141 1109 danique

205 1139 281 1200 par
304 1121 378 1199 pro
401 1121 493 1199 pari
516 1119 694 1196 referto,
719 1120 828 1199 quod
852 1138 938 1181 eam
961 1119 1168 1180 mordeat?

162 1243 219 1305 Sic
242 1243 352 1322 petivi
377 1262 396 1305 a
420 1244 609 1320 iudicibus,
641 1250 693 1320 ut,
724 1242 888 1322 quoniam
917 1242 1060 1322 quidam
1083 1242 1222 1303 nobiles

162 1331 319 1393 homines
343 1336 377 1393 et
401 1332 443 1393 de
467 1350 521 1392 me
545 1331 675 1410 optime
699 1331 815 1392 meriti
845 1331 949 1392 nimis
973 1335 1132 1392 amarent
1155 1329 1221 1389 ini·

162 1419 291 1481 micum
314 1438 428 1480 meum
445 1438 568 1498 meque
584 1420 802 1498 inspectante
819 1437 922 1498 saepe
939 1437 1018 1480 eum
1042 1418 1078 1478 in
1095 1423 1220 1479 senatu

163 1508 266 1569 modo
290 1525 411 1569 severe
435 1508 649 1583 seducerent,
673 1505 774 1570 modo
790 1506 1014 1568 familiariter
1040 1513 1144 1584 atque
1168 1505 1219 1566 hi-

163 1595 238 1657 lare
263 1595 558 1673 amplexarentur,
588 1595 823 1674 quoniamque
846 1594 899 1655 illi
923 1595 1094 1655 haberent
1118 1612 1220 1654 suum

163 1682 341 1760 Publium,
375 1683 499 1745 darent
527 1683 612 1744 mihi
640 1683 708 1762 ipsi
740 1683 847 1745 alium
875 1682 1052 1759 Publium,
1084 1681 1120 1742 in
1149 1699 1220 1760 quo

162 1788 300 1849 possem
323 1770 464 1832 illorum
489 1771 622 1833 animos
646 1770 870 1832 mediocriter
887 1770 1069 1832 lacessitus
1092 1768 1218 1829 leviter

162 1878 376 1939 repungere;
405 1878 517 1939 neque
541 1859 652 1921 solum
677 1858 759 1936 dixi,
784 1858 845 1920 sed
871 1858 975 1919 etiam
998 1875 1101 1936 saepe
1124 1854 1218 1917 facio

164 1947 237 2008 deis
261 1947 530 2027 hominibusque
555 1947 844 2027 approbantibus.
977 1955 980 1958 “

118 2058 154 2111 20
252 2054 370 2116 Habes
387 2055 429 2116 de
446 2054 602 2129 Vatinio;
629 2071 799 2132 cognosce
818 2053 860 2114 de
877 2052 1012 2114 Crasso.
1040 2051 1124 2129 Ego,
1141 2067 1219 2110 cum

164 2140 248 2199 mihi
273 2158 351 2201 cum
375 2142 436 2202 illo
453 2159 580 2220 magna
596 2141 666 2201 iam
686 2140 802 2219 gratia
818 2145 917 2215 esset,
942 2139 1035 2218 quod
1059 2138 1133 2199 eius
1150 2155 1220 2199 cm·

164 2245 225 2288 nes
248 2228 476 2306 gravissimas
499 2228 648 2289 iniurias
672 2228 863 2289 communis
883 2226 1090 2289 concordiae
1115 2242 1219 2287 causa

163 2315 365 2377 voluntaria
382 2316 533 2395 quadam
549 2315 726 2377 oblivione
742 2316 987 2391 contriveram,
999 2313 1218 2392 repentinam

165 2403 239 2465 eius
258 2402 494 2466 defensionem
511 2402 660 2480 Gabinii,
673 2421 776 2482 quem
791 2403 961 2482 proximis
978 2401 1220 2481 superioribus

165 2490 289 2553 diebus
313 2492 483 2553 acerrime
500 2496 746 2570 oppugnasset,
770 2496 895 2568 tamen,
919 2491 948 2552 si
965 2491 1039 2551 sine
1055 2489 1127 2550 ulla
1144 2507 1219 2549 mea

165 2580 375 2641 contumelia
399 2580 615 2658 suscepisset,
639 2578 814 2655 tulissem3
841 2579 910 2655 sed,
935 2596 1013 2639 cum
1031 2596 1085 2639 me
1103 2577 1218 2655 dispu-

165 2672 310 2744 tantem,
334 2686 405 2729 non
428 2668 655 2728 lacessentem
679 2667 850 2744 laesisset,
874 2666 990 2728 exarsi
1014 2683 1083 2726 non
1107 2665 1218 2726 solum

164 2756 355 2834 praesenti,
385 2755 503 2832 crede,
532 2754 716 2816 iracundia
747 2756 842 2833 (nam
870 2773 909 2816 ea
938 2759 1010 2815 tam
1033 2752 1219 2814 vehemens

164 2843 315 2905 fortasse
339 2862 409 2905 non
432 2842 581 2921 fuisset),
605 2843 674 2920 sed,
699 2860 777 2903 cum
800 2843 973 2903 inclusum
990 2840 1078 2901 illud
1101 2840 1218 2902 odium

164 2931 356 2992 multarum
379 2931 454 3008 eius
476 2931 512 2991 in
536 2949 590 2992 me
609 2930 830 3007 iniuriarum,
854 2930 947 3009 quod
963 2948 1028 3008 ego
1052 2928 1220 2990 effudisse

165 3037 219 3080 me
247 3037 348 3081 omne
377 3018 592 3095 arbitrabar,
620 3018 802 3079 residuum
830 3023 946 3079 tamen
973 3016 1142 3078 insciente
1166 3034 1220 3076 me

165 3106 298 3184 fuisset,
322 3125 422 3169 omne
444 3112 589 3187 repente
606 3106 780 3185 apparuit.
814 3106 890 3177 Quo
907 3105 1047 3184 quidem
1063 3109 1219 3182 tempore

164 3195 241 3274 ipsc
266 3195 409 3274 quidam
432 3194 589 3257 homines
606 3200 640 3256 et
664 3194 776 3256 eidem
799 3193 860 3271 illi,
885 3212 971 3272 quos
995 3210 1098 3272 saepe
1114 3190 1219 3270 signi-

165 3283 235 3346 fico
259 3302 371 3362 neque
389 3283 535 3362 appello,
559 3301 638 3344 cum
654 3300 691 3344 se
707 3282 896 3343 maximum
916 3281 1071 3343 fructum
1088 3279 1219 3358 cepisse

166 3372 322 3433 dicerent
351 3390 393 3433 ex
422 3371 585 3433 libertate
614 3389 691 3432 mea
720 3372 844 3449 meque
875 3375 949 3431 tum
978 3369 1128 3447 denique
1153 3367 1218 3428 sibi

166 3477 239 3521 esse
264 3459 378 3521 visum
405 3459 458 3521 rei
486 3459 661 3537 publicae,
693 3457 806 3537 qualis
833 3457 989 3533 fuissem,
1017 3456 1219 3518 restitutum

166 3565 313 3624 cumque
326 3566 366 3608 ea
380 3546 556 3608 contentio
568 3545 653 3606 mihi
666 3564 834 3625 magnum
846 3545 951 3606 etiam
964 3544 1052 3606 foris
1065 3543 1219 3604 fructum

165 3633 312 3710 tulisset,
335 3634 490 3712 gaudere
514 3650 550 3693 10
570 3633 733 3694 dicebant
756 3633 840 3694 mihi
859 3637 893 3693 et
917 3632 1017 3693 illum
1040 3631 1217 3692 inimicum

164 3726 200 3783 et
224 3738 291 3796 001,
316 3720 375 3799 qui
399 3721 435 3780 in
459 3720 579 3781 eadem
600 3738 704 3781 causa
729 3725 852 3797 essent,
876 3737 1066 3798 numquam
1091 3717 1219 3778 amicos
