2742 4075
198 156 241 216 42
686 170 711 238 I,
732 172 773 226 19.

199 337 243 407 et,
268 347 346 391 eum
370 347 473 408 quem
489 334 528 391 tu
551 329 636 390 mihi
654 330 841 409 diligenter
859 331 1130 407 commendares,
1156 331 1272 393 Athe·

200 435 326 479 naeum
354 417 621 496 importunitate
645 418 852 480 Athenaidis
880 419 1003 481 exsilio
1031 418 1201 481 multatos
1228 421 1269 481 in

199 504 351 566 maxima
376 506 470 584 apud
492 523 612 584 regem
636 506 848 568 auctoritate
871 506 1058 586 gratiaque
1082 507 1268 584 constitui,

200 611 348 672 cumque
372 611 537 672 magnum
556 593 686 655 bellum
710 593 746 654 iu
764 593 987 674 Cappadocia
1011 594 1267 672 concitaretur,

200 681 230 742 si
255 681 418 743 sacerdos
435 681 542 743 armis
558 699 603 759 se,
628 682 723 761 quod
738 681 898 744 facturus
915 682 1116 761 putabatur,
1141 682 1266 745 deien-

201 770 313 846 deret,
343 769 545 831 adulescens
569 775 603 832 et
627 769 787 849 equitatu
810 775 844 832 et
868 769 1028 850 peditatu
1051 775 1085 831 et
1109 772 1265 849 pecunia

201 861 347 936 paratus
381 863 415 919 et
447 862 499 918 tot
532 858 628 935 soiis,
663 857 724 937 qui
757 858 882 920 novari
917 857 1050 937 aliquid
1083 858 1265 935 volebant,

200 944 342 1024 perfeci,
359 951 397 1006 ut
413 963 431 1007 e
447 963 558 1024 reguo
579 945 639 1008 ille
656 945 851 1008 discederet
868 964 1000 1025 rexque
1016 945 1090 1008 sine
1106 947 1265 1008 tumultu

202 1050 241 1094 ac
281 1032 355 1094 sine
394 1033 501 1095 armis
536 1034 629 1095 omni
666 1033 876 1095 auctoritate
911 1034 1011 1096 aulae
1046 1034 1264 1096 communita

200 1139 348 1200 regnum
373 1138 451 1182 cum
475 1120 647 1200 dignitate
671 1121 855 1184 obtineret.

172 1217 190 1268 7
289 1208 427 1270 Interea
452 1209 601 1288 cognovi
625 1209 816 1270 multorum
844 1208 972 1271 litteris
996 1215 1102 1288 atque
1125 1211 1264 1272 nuntiis

200 1313 346 1374 magnas
374 1296 587 1358 Parthorum
615 1297 735 1375 copias
764 1303 798 1358 et
826 1297 983 1359 Arabum
1015 1297 1059 1359 ad
1091 1298 1264 1377 oppidum

201 1383 429 1446 Antiocheam
453 1385 638 1446 accessisse
661 1402 896 1464 magnumque
917 1403 1038 1447 eorum
1054 1385 1263 1464 equitatum,

202 1470 314 1549 quiin
332 1470 491 1533 Ciliciam
505 1472 699 1550 transisset,
720 1473 764 1535 ab
781 1473 938 1552 equitum
961 1491 1117 1534 meorum
1132 1475 1263 1535 turmis

201 1563 235 1620 et
259 1577 278 1620 a
303 1558 446 1621 cohorte
470 1561 664 1638 praetoria,
694 1579 784 1640 quae
807 1567 884 1623 erat
907 1560 1135 1640 Epiphaneae
1159 1580 1262 1640 prae-

200 1645 281 1707 sidii
306 1664 420 1724 causa,
444 1646 623 1709 occidione
647 1649 808 1711 occisum.
851 1648 976 1726 Quare,
1000 1667 1079 1711 cum
1103 1648 1262 1711 viderem

133 1809 139 1825 Ι
201 1753 220 1795 a
239 1733 461 1814 Cappadocia
478 1736 691 1798 Parthorum
714 1737 833 1817 copias
857 1755 1000 1799 aversas
1024 1755 1094 1798 non
1117 1737 1222 1816 longe
1239 1756 1260 1798 a

200 1821 334 1884 finibus
358 1841 432 1886 esse
454 1823 606 1902 Ciliciae,
631 1843 737 1904 quam
760 1825 859 1905 potui
882 1824 1044 1886 maximis
1072 1824 1260 1886 itineribus

201 1912 246 1973 ad
271 1912 442 1974 Amanum
471 1912 664 1974 exercitum
693 1913 786 1975 duxi.
832 1912 908 1984 Quo
937 1918 976 1975 ut
999 1912 1094 1990 veni,
1124 1911 1260 1974 hostem

201 2000 246 2062 ab
279 1999 472 2064 Antiochea
506 2001 706 2079 recessisse,
741 2001 904 2064 Bibulum
937 2000 1150 2063 Antiocheae
1183 2017 1258 2062 esse

201 2087 359 2166 cognovi.
397 2090 600 2151 Deiotarum
616 2090 800 2151 confestim
822 2090 893 2151 iam
917 2090 960 2151 ad
984 2107 1038 2152 me
1063 2089 1259 2151 venientem
1358 2160 1359 2171 χ

201 2191 280 2235 cum
309 2192 437 2253 magno
469 2180 503 2237 et
535 2175 640 2237 firmo
671 2177 831 2255 equitatu
862 2184 897 2239 et
926 2178 1085 2257 peditatu
1118 2181 1151 2238 et
1181 2194 1257 2238 cum
1358 2188 1359 2257 j

201 2261 362 2323 omuibus
393 2262 465 2324 suis
495 2263 604 2342 copiis
633 2262 819 2326 certiorem
846 2264 914 2328 ieci
942 2283 1012 2328 non
1042 2263 1155 2326 videri
1184 2282 1257 2327 esse

201 2366 350 2427 causam,
375 2368 437 2412 cur
462 2350 599 2412 abesset
620 2369 640 2413 a
663 2370 784 2431 regne,
807 2371 931 2433 meque
947 2353 992 2415 ad
1016 2371 1103 2429 eum,
1127 2352 1155 2412 si
1174 2351 1258 2431 quid

201 2437 284 2498 novi
309 2436 401 2500 forto
426 2438 618 2516 accidisset,
642 2440 762 2501 statim
785 2440 922 2503 litteras
946 2440 1156 2519 nuntiosque
1180 2440 1257 2500 mis·
1314 2442 1317 2446 ’

172 2535 322 2588 8surum
346 2543 429 2588 esse.
469 2526 624 2606 Cumque
648 2546 689 2589 eo
714 2528 829 2591 animo
853 2529 1035 2605 venissem,
1058 2534 1098 2590 ut
1116 2527 1257 2607 utrique

201 2613 415 2693 provinciae,
439 2614 468 2676 si
491 2615 542 2677 ita
566 2620 703 2695 tempus
724 2616 843 2693 ferret,
867 2616 1099 2693 subvenirem,
1123 2621 1198 2678 tum
1213 2615 1257 2691 id,

202 2702 296 2781 quod
314 2702 384 2764 iam
401 2707 481 2764 ante
498 2708 690 2764 statueram
707 2704 930 2766 vehementer
946 2704 1114 2766 interesse
1130 2703 1257 2765 utrius·

202 2808 269 2869 que
285 2790 498 2869 provinciae,
518 2808 646 2870 pacare
661 2792 834 2853 Amanum
850 2798 884 2854 et
900 2797 1109 2872 perpetuum
1125 2792 1257 2853 hostem

201 2895 244 2938 ex
279 2895 320 2939 eo
353 2883 470 2940 monte
502 2878 639 2956 tollere,
675 2898 780 2959 agere
813 2880 962 2960 perrexi.
1017 2879 1173 2958 Cumque
1204 2897 1257 2939 me

202 2964 381 3027 discedere
414 2966 458 3028 ab
491 2984 531 3028 eo
562 2971 679 3028 monte
710 2967 927 3029 simulassem
960 2972 994 3030 et
1028 2968 1115 3029 alias
1146 2966 1256 3046 partis

201 3050 345 3113 Ciliciae
368 3059 488 3132 petere
506 3054 732 3134 abessemque
757 3056 800 3117 ab
818 3055 952 3117 Amano
976 3056 1044 3117 iter
1060 3056 1165 3116 unius
1189 3054 1256 3115 diei

201 3145 235 3200 et
252 3144 368 3201 castra
390 3142 484 3220 apud
498 3141 741 3221 Epiphaneam
757 3142 926 3221 fecissem,
950 3163 978 3206 a.
996 3144 1027 3205 d.
1044 3160 1092 3205 nu
1108 3143 1158 3205 Id.
1176 3140 1257 3218 Oct,

201 3246 279 3289 cum
297 3228 613 3309 advesperasceret,
638 3230 802 3310 expedito
821 3232 978 3294 exercitu
994 3231 1044 3293 ita
1068 3236 1174 3293 noctu
1190 3229 1256 3290 iter

200 3316 277 3393 leci,
301 3323 339 3377 ut
365 3335 392 3380 a.
418 3318 448 3379 d.
473 3334 509 3379 111
533 3317 583 3379 id.
608 3316 691 3396 Oct,
715 3337 793 3380 cum
817 3319 1010 3397 lucisceret,
1034 3319 1070 3380 in
1087 3319 1257 3380 Amanum

201 3406 433 3482 ascenderem,
451 3404 720 3485 distributisque
737 3407 941 3469 cohortibus
957 3413 991 3470 et
1008 3406 1159 3483 auxiliis,
1180 3424 1257 3468 cum

201 3492 280 3553 aliis
309 3492 460 3564 Quintus
490 3493 602 3556 frater
633 3494 770 3573 legatus
801 3513 936 3557 mecum
965 3494 1082 3571 simul,
1116 3494 1194 3555 aliis
1223 3492 1256 3555 C.

202 3579 408 3658 Pomptinus
431 3581 578 3660 legatus,
601 3581 748 3661 reliquis
772 3583 814 3643 M.
839 3582 993 3643 Anneius
1017 3587 1051 3643 et
1071 3582 1107 3643 L.
1125 3581 1257 3642 Tullius

202 3665 310 3743 legati
326 3673 537 3746 praeessent,
554 3669 740 3748 plerosque
758 3669 1000 3748 necopinantis
1012 3669 1257 3748 oppressimus,
