<?xml version="1.0" encoding="UTF-8"?>
<!DOCTYPE html PUBLIC "-//W3C//DTD XHTML 1.0 Transitional//EN"
    "http://www.w3.org/TR/xhtml1/DTD/xhtml1-transitional.dtd">
<html xmlns="http://www.w3.org/1999/xhtml" xml:lang="en" lang="en">
 <head>
  <title>
</title>
<meta http-equiv="Content-Type" content="text/html;charset=utf-8" />
  <meta name='ocr-system' content='tesseract 3.04.00' />
  <meta name='ocr-capabilities' content='ocr_page ocr_carea ocr_par ocr_line ocrx_word'/>
</head>
<body>
  <div class='ocr_page' id='page_1' title='image "ausgewhltebrief03cicegoog_0038.png"; bbox 0 0 2742 4075; ppageno 0'>
   <div class='ocr_carea' id='block_1_1' title="bbox 183 183 779 266">
    <p class='ocr_par' dir='ltr' id='par_1_1' title="bbox 183 183 779 266">
     <span class='ocr_line' id='line_1_1' title="bbox 183 183 779 266; baseline 0 -13"><span class='ocrx_word' id='word_1_1' title='bbox 183 183 222 245; x_wconf 84' lang='lat'>18</span> <span class='ocrx_word' id='word_1_2' title='bbox 633 199 657 266; x_wconf 88' lang='lat'>1,</span> <span class='ocrx_word' id='word_1_3' title='bbox 678 201 779 253; x_wconf 84' lang='lat'><strong>13.14.</strong></span> 
     </span>
    </p>
   </div>
   <div class='ocr_carea' id='block_1_2' title="bbox 99 358 1241 3688">
    <p class='ocr_par' dir='ltr' id='par_1_2' title="bbox 180 358 1241 947">
     <span class='ocr_line' id='line_1_2' title="bbox 180 358 1241 437; baseline 0.002 -19"><span class='ocrx_word' id='word_1_4' title='bbox 180 358 227 418; x_wconf 92' lang='lat' dir='ltr'>mi</span> <span class='ocrx_word' id='word_1_5' title='bbox 252 363 332 420; x_wconf 91' lang='lat' dir='ltr'>ante</span> <span class='ocrx_word' id='word_1_6' title='bbox 348 358 466 420; x_wconf 90' lang='lat' dir='ltr'>oculos</span> <span class='ocrx_word' id='word_1_7' title='bbox 483 359 557 420; x_wconf 88' lang='lat' dir='ltr'>dies</span> <span class='ocrx_word' id='word_1_8' title='bbox 573 363 762 437; x_wconf 89' lang='lat' dir='ltr'>noctesque</span> <span class='ocrx_word' id='word_1_9' title='bbox 778 362 941 420; x_wconf 86' lang='lat' dir='ltr'>versatur</span> <span class='ocrx_word' id='word_1_10' title='bbox 961 358 1104 436; x_wconf 88' lang='lat' dir='ltr'>squalor</span> <span class='ocrx_word' id='word_1_11' title='bbox 1120 364 1241 420; x_wconf 83' lang='lat' dir='ltr'>vester</span> 
     </span>
     <span class='ocr_line' id='line_1_3' title="bbox 180 446 1238 525; baseline -0.001 -18"><span class='ocrx_word' id='word_1_12' title='bbox 180 452 214 507; x_wconf 94' lang='grc' dir='ltr'>θῖ</span> <span class='ocrx_word' id='word_1_13' title='bbox 237 464 376 507; x_wconf 88' lang='lat' dir='ltr'>maeror</span> <span class='ocrx_word' id='word_1_14' title='bbox 400 452 434 508; x_wconf 90' lang='lat' dir='ltr'>et</span> <span class='ocrx_word' id='word_1_15' title='bbox 457 446 648 508; x_wconf 77' lang='lat' dir='ltr'>infirmitas</span> <span class='ocrx_word' id='word_1_16' title='bbox 672 446 884 508; x_wconf 88' lang='lat' dir='ltr'>valetudinis</span> <span class='ocrx_word' id='word_1_17' title='bbox 908 450 998 523; x_wconf 88' lang='lat' dir='ltr'>tuae,</span> <span class='ocrx_word' id='word_1_18' title='bbox 1023 464 1101 525; x_wconf 87' lang='lat' dir='ltr'>spes</span> <span class='ocrx_word' id='word_1_19' title='bbox 1121 452 1238 508; x_wconf 89' lang='lat' dir='ltr'>autem</span> 
     </span>
     <span class='ocr_line' id='line_1_4' title="bbox 180 519 1238 614; baseline 0 -19"><span class='ocrx_word' id='word_1_20' title='bbox 180 534 304 596; x_wconf 84' lang='lat' dir='ltr'>salutis</span> <span class='ocrx_word' id='word_1_21' title='bbox 327 534 507 614; x_wconf 85' lang='lat' dir='ltr'>pertenuis</span> <span class='ocrx_word' id='word_1_22' title='bbox 531 519 736 596; x_wconf 84' lang='lat' dir='ltr'>ostenditur.</span> <span class='ocrx_word' id='word_1_23' title='bbox 782 534 919 595; x_wconf 80' lang='lat' dir='ltr'>Inimici</span> <span class='ocrx_word' id='word_1_24' title='bbox 944 538 1024 595; x_wconf 88' lang='lat' dir='ltr'>sunt</span> <span class='ocrx_word' id='word_1_25' title='bbox 1047 534 1163 611; x_wconf 91' lang='lat' dir='ltr'>multi,</span> <span class='ocrx_word' id='word_1_26' title='bbox 1186 534 1238 595; x_wconf 92' lang='lat' dir='ltr'>in·</span> 
     </span>
     <span class='ocr_line' id='line_1_5' title="bbox 180 621 1238 701; baseline -0.001 -18"><span class='ocrx_word' id='word_1_27' title='bbox 180 622 254 683; x_wconf 90' lang='lat' dir='ltr'>vidi</span> <span class='ocrx_word' id='word_1_28' title='bbox 278 640 388 701; x_wconf 88' lang='lat' dir='ltr'>paene</span> <span class='ocrx_word' id='word_1_29' title='bbox 412 640 547 697; x_wconf 89' lang='lat' dir='ltr'>omnes;</span> <span class='ocrx_word' id='word_1_30' title='bbox 585 622 698 684; x_wconf 92' lang='lat' dir='ltr'>eicere</span> <span class='ocrx_word' id='word_1_31' title='bbox 725 640 789 685; x_wconf 87' lang='lat' dir='ltr'>nos</span> <span class='ocrx_word' id='word_1_32' title='bbox 816 640 983 699; x_wconf 85' lang='lat' dir='ltr'>magnum</span> <span class='ocrx_word' id='word_1_33' title='bbox 1011 621 1092 699; x_wconf 86' lang='lat' dir='ltr'>fuit,</span> <span class='ocrx_word' id='word_1_34' title='bbox 1122 621 1238 683; x_wconf 88' lang='lat' dir='ltr'>exclu-</span> 
     </span>
     <span class='ocr_line' id='line_1_6' title="bbox 180 709 1236 789; baseline 0 -19"><span class='ocrx_word' id='word_1_35' title='bbox 180 710 263 771; x_wconf 89' lang='lat' dir='ltr'>dere</span> <span class='ocrx_word' id='word_1_36' title='bbox 293 709 397 771; x_wconf 87' lang='lat' dir='ltr'>facile</span> <span class='ocrx_word' id='word_1_37' title='bbox 428 715 488 772; x_wconf 91' lang='lat' dir='ltr'>est.</span> <span class='ocrx_word' id='word_1_38' title='bbox 535 710 603 772; x_wconf 85' lang='lat' dir='ltr'>Sed</span> <span class='ocrx_word' id='word_1_39' title='bbox 626 716 758 787; x_wconf 87' lang='lat' dir='ltr'>tamen,</span> <span class='ocrx_word' id='word_1_40' title='bbox 788 709 955 789; x_wconf 82' lang='lat' dir='ltr'>quamdiu</span> <span class='ocrx_word' id='word_1_41' title='bbox 986 728 1049 771; x_wconf 89' lang='lat' dir='ltr'>vos</span> <span class='ocrx_word' id='word_1_42' title='bbox 1077 709 1176 771; x_wconf 91' lang='lat' dir='ltr'>eritis</span> <span class='ocrx_word' id='word_1_43' title='bbox 1199 710 1236 770; x_wconf 92' lang='lat' dir='ltr'>in</span> 
     </span>
     <span class='ocr_line' id='line_1_7' title="bbox 180 797 1237 877; baseline 0.001 -19"><span class='ocrx_word' id='word_1_44' title='bbox 180 815 254 876; x_wconf 89' lang='lat' dir='ltr'>spe,</span> <span class='ocrx_word' id='word_1_45' title='bbox 289 816 359 859; x_wconf 91' lang='lat' dir='ltr'>non</span> <span class='ocrx_word' id='word_1_46' title='bbox 393 798 569 875; x_wconf 77' lang='lat' dir='ltr'>deficiam,</span> <span class='ocrx_word' id='word_1_47' title='bbox 605 817 647 860; x_wconf 90' lang='lat' dir='ltr'>ne</span> <span class='ocrx_word' id='word_1_48' title='bbox 681 799 797 860; x_wconf 89' lang='lat' dir='ltr'>omnia</span> <span class='ocrx_word' id='word_1_49' title='bbox 830 815 906 858; x_wconf 91' lang='lat' dir='ltr'>mea</span> <span class='ocrx_word' id='word_1_50' title='bbox 936 797 1038 877; x_wconf 89' lang='lat' dir='ltr'>culpa</span> <span class='ocrx_word' id='word_1_51' title='bbox 1070 798 1237 859; x_wconf 87' lang='lat' dir='ltr'>cecidisse</span> 
     </span>
     <span class='ocr_line' id='line_1_8' title="bbox 180 885 375 947; baseline 0.005 -2"><span class='ocrx_word' id='word_1_52' title='bbox 180 885 375 947; x_wconf 89' lang='lat' dir='ltr'>videantur.</span> 
     </span>
    </p>

    <p class='ocr_par' dir='ltr' id='par_1_3' title="bbox 153 972 1237 1845">
     <span class='ocr_line' id='line_1_9' title="bbox 153 972 1235 1053; baseline 0 -20"><span class='ocrx_word' id='word_1_53' title='bbox 153 982 168 1033; x_wconf 88' lang='lat'><strong>3</strong></span> <span class='ocrx_word' id='word_1_54' title='bbox 268 974 313 1035; x_wconf 92' lang='lat' dir='ltr'>Ut</span> <span class='ocrx_word' id='word_1_55' title='bbox 337 980 413 1036; x_wconf 94' lang='lat' dir='ltr'>tuto</span> <span class='ocrx_word' id='word_1_56' title='bbox 437 973 511 1049; x_wconf 89' lang='lat' dir='ltr'>sim,</span> <span class='ocrx_word' id='word_1_57' title='bbox 536 975 630 1053; x_wconf 90' lang='lat' dir='ltr'>quod</span> <span class='ocrx_word' id='word_1_58' title='bbox 653 974 804 1050; x_wconf 86' lang='lat' dir='ltr'>laboras,</span> <span class='ocrx_word' id='word_1_59' title='bbox 827 973 864 1034; x_wconf 95' lang='lat' dir='ltr'>id</span> <span class='ocrx_word' id='word_1_60' title='bbox 887 972 973 1034; x_wconf 88' lang='lat' dir='ltr'>mihi</span> <span class='ocrx_word' id='word_1_61' title='bbox 996 990 1088 1033; x_wconf 90' lang='lat' dir='ltr'>nunc</span> <span class='ocrx_word' id='word_1_62' title='bbox 1112 972 1235 1034; x_wconf 86' lang='lat' dir='ltr'>facilli-</span> 
     </span>
     <span class='ocr_line' id='line_1_10' title="bbox 178 1061 1237 1141; baseline 0.001 -20"><span class='ocrx_word' id='word_1_63' title='bbox 178 1079 273 1121; x_wconf 91' lang='lat' dir='ltr'>mum</span> <span class='ocrx_word' id='word_1_64' title='bbox 297 1068 357 1139; x_wconf 90' lang='lat' dir='ltr'>est,</span> <span class='ocrx_word' id='word_1_65' title='bbox 382 1080 484 1141; x_wconf 90' lang='lat' dir='ltr'>quem</span> <span class='ocrx_word' id='word_1_66' title='bbox 508 1062 614 1124; x_wconf 91' lang='lat' dir='ltr'>etiam</span> <span class='ocrx_word' id='word_1_67' title='bbox 637 1062 769 1123; x_wconf 89' lang='lat' dir='ltr'>inimici</span> <span class='ocrx_word' id='word_1_68' title='bbox 791 1062 914 1123; x_wconf 92' lang='lat' dir='ltr'>volunt</span> <span class='ocrx_word' id='word_1_69' title='bbox 930 1061 1052 1122; x_wconf 92' lang='lat' dir='ltr'>vivere</span> <span class='ocrx_word' id='word_1_70' title='bbox 1075 1061 1112 1121; x_wconf 92' lang='lat' dir='ltr'>in</span> <span class='ocrx_word' id='word_1_71' title='bbox 1128 1062 1237 1122; x_wconf 88' lang='lat' dir='ltr'>tantis</span> 
     </span>
     <span class='ocr_line' id='line_1_11' title="bbox 178 1148 1236 1229; baseline 0.002 -21"><span class='ocrx_word' id='word_1_72' title='bbox 178 1148 344 1225; x_wconf 88' lang='lat' dir='ltr'>miseriis;</span> <span class='ocrx_word' id='word_1_73' title='bbox 371 1168 436 1229; x_wconf 86' lang='lat' dir='ltr'>ego</span> <span class='ocrx_word' id='word_1_74' title='bbox 459 1156 576 1211; x_wconf 89' lang='lat' dir='ltr'>tamen</span> <span class='ocrx_word' id='word_1_75' title='bbox 600 1149 737 1227; x_wconf 85' lang='lat' dir='ltr'>faciam,</span> <span class='ocrx_word' id='word_1_76' title='bbox 761 1168 850 1228; x_wconf 89' lang='lat' dir='ltr'>quae</span> <span class='ocrx_word' id='word_1_77' title='bbox 874 1148 1058 1229; x_wconf 77' lang='lat' dir='ltr'>praecipis,</span> <span class='ocrx_word' id='word_1_78' title='bbox 1097 1148 1236 1226; x_wconf 73' lang='lat' dir='ltr'>Amicis</span> 
     </span>
     <span class='ocr_line' id='line_1_12' title="bbox 179 1236 1236 1317; baseline 0.001 -20"><span class='ocrx_word' id='word_1_79' title='bbox 179 1236 306 1314; x_wconf 89' lang='lat' dir='ltr'>quibus</span> <span class='ocrx_word' id='word_1_80' title='bbox 330 1237 487 1314; x_wconf 88' lang='lat' dir='ltr'>voluisti,</span> <span class='ocrx_word' id='word_1_81' title='bbox 517 1237 573 1317; x_wconf 84' lang='lat' dir='ltr'>egi</span> <span class='ocrx_word' id='word_1_82' title='bbox 601 1238 737 1317; x_wconf 85' lang='lat' dir='ltr'>gratias</span> <span class='ocrx_word' id='word_1_83' title='bbox 765 1243 799 1299; x_wconf 90' lang='lat' dir='ltr'>et</span> <span class='ocrx_word' id='word_1_84' title='bbox 827 1255 886 1299; x_wconf 90' lang='lat' dir='ltr'>eas</span> <span class='ocrx_word' id='word_1_85' title='bbox 914 1237 1051 1298; x_wconf 90' lang='lat' dir='ltr'>litteras</span> <span class='ocrx_word' id='word_1_86' title='bbox 1076 1236 1236 1316; x_wconf 81' lang='lat' dir='ltr'>Dexippo</span> 
     </span>
     <span class='ocr_line' id='line_1_13' title="bbox 179 1324 1234 1404; baseline 0 -19"><span class='ocrx_word' id='word_1_87' title='bbox 179 1324 259 1386; x_wconf 89' lang='lat' dir='ltr'>dedi</span> <span class='ocrx_word' id='word_1_88' title='bbox 283 1343 406 1404; x_wconf 89' lang='lat' dir='ltr'>meque</span> <span class='ocrx_word' id='word_1_89' title='bbox 431 1326 617 1388; x_wconf 85' lang='lat' dir='ltr'>decorum</span> <span class='ocrx_word' id='word_1_90' title='bbox 642 1325 763 1388; x_wconf 82' lang='lat' dir='ltr'>officio</span> <span class='ocrx_word' id='word_1_91' title='bbox 787 1324 912 1404; x_wconf 86' lang='lat' dir='ltr'>scripsi</span> <span class='ocrx_word' id='word_1_92' title='bbox 942 1343 961 1385; x_wconf 93' lang='lat' dir='ltr'>a</span> <span class='ocrx_word' id='word_1_93' title='bbox 991 1331 1025 1386; x_wconf 94' lang='grc' dir='ltr'>ῖθ</span> <span class='ocrx_word' id='word_1_94' title='bbox 1049 1324 1234 1386; x_wconf 87' lang='lat' dir='ltr'>certiorem</span> 
     </span>
     <span class='ocr_line' id='line_1_14' title="bbox 178 1411 1236 1476; baseline 0 -3"><span class='ocrx_word' id='word_1_95' title='bbox 178 1430 252 1474; x_wconf 90' lang='lat' dir='ltr'>esse</span> <span class='ocrx_word' id='word_1_96' title='bbox 276 1412 416 1475; x_wconf 85' lang='lat' dir='ltr'>factum.</span> <span class='ocrx_word' id='word_1_97' title='bbox 463 1413 625 1476; x_wconf 88' lang='lat' dir='ltr'>Pisonem</span> <span class='ocrx_word' id='word_1_98' title='bbox 654 1419 814 1475; x_wconf 90' lang='lat' dir='ltr'>nostrum</span> <span class='ocrx_word' id='word_1_99' title='bbox 842 1411 995 1475; x_wconf 84' lang='lat' dir='ltr'>mirifico</span> <span class='ocrx_word' id='word_1_100' title='bbox 1020 1430 1095 1474; x_wconf 90' lang='grc' dir='ltr'>θεεθ</span> <span class='ocrx_word' id='word_1_101' title='bbox 1118 1412 1236 1475; x_wconf 89' lang='lat' dir='ltr'>studio</span> 
     </span>
     <span class='ocr_line' id='line_1_15' title="bbox 177 1500 1236 1580; baseline 0.001 -19"><span class='ocrx_word' id='word_1_102' title='bbox 177 1501 214 1561; x_wconf 90' lang='lat' dir='ltr'>in</span> <span class='ocrx_word' id='word_1_103' title='bbox 238 1519 301 1562; x_wconf 91' lang='lat' dir='ltr'>nos</span> <span class='ocrx_word' id='word_1_104' title='bbox 318 1508 352 1562; x_wconf 91' lang='lat' dir='ltr'>et</span> <span class='ocrx_word' id='word_1_105' title='bbox 369 1501 490 1563; x_wconf 80' lang='lat' dir='ltr'>officio</span> <span class='ocrx_word' id='word_1_106' title='bbox 507 1507 541 1563; x_wconf 95' lang='lat' dir='ltr'>et</span> <span class='ocrx_word' id='word_1_107' title='bbox 558 1520 623 1579; x_wconf 85' lang='lat' dir='ltr'>ego</span> <span class='ocrx_word' id='word_1_108' title='bbox 639 1501 814 1580; x_wconf 90' lang='lat' dir='ltr'>perspicio</span> <span class='ocrx_word' id='word_1_109' title='bbox 832 1507 865 1562; x_wconf 92' lang='grc' dir='ltr'>θῖ</span> <span class='ocrx_word' id='word_1_110' title='bbox 885 1518 1003 1562; x_wconf 85' lang='lat' dir='ltr'>omnes</span> <span class='ocrx_word' id='word_1_111' title='bbox 1019 1500 1236 1580; x_wconf 83' lang='lat' dir='ltr'>praedicant.</span> 
     </span>
     <span class='ocr_line' id='line_1_16' title="bbox 178 1587 1234 1668; baseline 0.001 -20"><span class='ocrx_word' id='word_1_112' title='bbox 178 1588 220 1648; x_wconf 95' lang='lat' dir='ltr'>Di</span> <span class='ocrx_word' id='word_1_113' title='bbox 244 1588 370 1663; x_wconf 77' lang='lat' dir='ltr'>faxint,</span> <span class='ocrx_word' id='word_1_114' title='bbox 395 1596 433 1650; x_wconf 89' lang='lat' dir='ltr'>ut</span> <span class='ocrx_word' id='word_1_115' title='bbox 457 1589 520 1650; x_wconf 86' lang='lat' dir='ltr'>tali</span> <span class='ocrx_word' id='word_1_116' title='bbox 536 1608 666 1668; x_wconf 85' lang='lat' dir='ltr'>genero</span> <span class='ocrx_word' id='word_1_117' title='bbox 690 1589 775 1649; x_wconf 89' lang='lat' dir='ltr'>mihi</span> <span class='ocrx_word' id='word_1_118' title='bbox 799 1589 976 1668; x_wconf 84' lang='lat' dir='ltr'>praesenti</span> <span class='ocrx_word' id='word_1_119' title='bbox 993 1594 1107 1649; x_wconf 89' lang='lat' dir='ltr'>tecum</span> <span class='ocrx_word' id='word_1_120' title='bbox 1131 1587 1234 1649; x_wconf 90' lang='lat' dir='ltr'>simul</span> 
     </span>
     <span class='ocr_line' id='line_1_17' title="bbox 178 1675 1234 1755; baseline 0 -19"><span class='ocrx_word' id='word_1_121' title='bbox 178 1681 212 1737; x_wconf 90' lang='lat' dir='ltr'>et</span> <span class='ocrx_word' id='word_1_122' title='bbox 236 1694 314 1737; x_wconf 90' lang='lat' dir='ltr'>eum</span> <span class='ocrx_word' id='word_1_123' title='bbox 338 1676 459 1738; x_wconf 90' lang='lat' dir='ltr'>liberis</span> <span class='ocrx_word' id='word_1_124' title='bbox 475 1678 605 1738; x_wconf 85' lang='lat' dir='ltr'>nostris</span> <span class='ocrx_word' id='word_1_125' title='bbox 629 1677 701 1738; x_wconf 80' lang='lat' dir='ltr'>frui</span> <span class='ocrx_word' id='word_1_126' title='bbox 718 1677 837 1738; x_wconf 90' lang='lat' dir='ltr'>liceat!</span> <span class='ocrx_word' id='word_1_127' title='bbox 879 1677 977 1737; x_wconf 88' lang='lat' dir='ltr'>Nunc</span> <span class='ocrx_word' id='word_1_128' title='bbox 1001 1694 1080 1755; x_wconf 90' lang='lat' dir='ltr'>spes</span> <span class='ocrx_word' id='word_1_129' title='bbox 1096 1675 1234 1754; x_wconf 90' lang='lat' dir='ltr'>reliqua</span> 
     </span>
     <span class='ocr_line' id='line_1_18' title="bbox 178 1764 1233 1845; baseline -0.001 -21"><span class='ocrx_word' id='word_1_130' title='bbox 178 1768 230 1825; x_wconf 98' lang='grc' dir='ltr'>θεῖ</span> <span class='ocrx_word' id='word_1_131' title='bbox 253 1764 290 1825; x_wconf 93' lang='lat' dir='ltr'>in</span> <span class='ocrx_word' id='word_1_132' title='bbox 314 1764 415 1826; x_wconf 90' lang='lat' dir='ltr'>novis</span> <span class='ocrx_word' id='word_1_133' title='bbox 438 1770 481 1827; x_wconf 90' lang='lat' dir='ltr'>tr.</span> <span class='ocrx_word' id='word_1_134' title='bbox 501 1765 545 1845; x_wconf 93' lang='lat' dir='ltr'>pl.</span> <span class='ocrx_word' id='word_1_135' title='bbox 571 1770 605 1827; x_wconf 92' lang='lat' dir='ltr'>et</span> <span class='ocrx_word' id='word_1_136' title='bbox 621 1766 658 1826; x_wconf 92' lang='lat' dir='ltr'>in</span> <span class='ocrx_word' id='word_1_137' title='bbox 681 1765 806 1845; x_wconf 91' lang='lat' dir='ltr'>primis</span> <span class='ocrx_word' id='word_1_138' title='bbox 823 1764 963 1843; x_wconf 90' lang='lat' dir='ltr'>quidem</span> <span class='ocrx_word' id='word_1_139' title='bbox 980 1764 1118 1839; x_wconf 87' lang='lat' dir='ltr'>diebus;</span> <span class='ocrx_word' id='word_1_140' title='bbox 1143 1781 1233 1839; x_wconf 89' lang='lat' dir='ltr'>nam,</span> 
     </span>
    </p>

    <p class='ocr_par' dir='ltr' id='par_1_4' title="bbox 151 1850 1234 2109">
     <span class='ocr_line' id='line_1_19' title="bbox 151 1850 1231 1930; baseline 0 -18"><span class='ocrx_word' id='word_1_141' title='bbox 151 1853 207 1913; x_wconf 74' lang='lat' dir='ltr'>lsi</span> <span class='ocrx_word' id='word_1_142' title='bbox 230 1852 447 1930; x_wconf 89' lang='lat' dir='ltr'>inveterarit,</span> <span class='ocrx_word' id='word_1_143' title='bbox 472 1860 587 1915; x_wconf 88' lang='lat' dir='ltr'>actum</span> <span class='ocrx_word' id='word_1_144' title='bbox 612 1859 672 1916; x_wconf 89' lang='lat' dir='ltr'>est.</span> <span class='ocrx_word' id='word_1_145' title='bbox 711 1855 762 1915; x_wconf 86' lang='lat' dir='ltr'>Ea</span> <span class='ocrx_word' id='word_1_146' title='bbox 786 1853 892 1914; x_wconf 90' lang='lat' dir='ltr'>read</span> <span class='ocrx_word' id='word_1_147' title='bbox 915 1856 949 1913; x_wconf 95' lang='lat' dir='ltr'>te</span> <span class='ocrx_word' id='word_1_148' title='bbox 966 1852 1085 1913; x_wconf 86' lang='lat' dir='ltr'>statim</span> <span class='ocrx_word' id='word_1_149' title='bbox 1101 1850 1231 1913; x_wconf 81' lang='lat' dir='ltr'>Aristo-</span> 
     </span>
     <span class='ocr_line' id='line_1_20' title="bbox 178 1940 1234 2019; baseline -0.001 -18"><span class='ocrx_word' id='word_1_150' title='bbox 178 1940 305 2002; x_wconf 88' lang='lat' dir='ltr'>critum</span> <span class='ocrx_word' id='word_1_151' title='bbox 328 1941 422 2019; x_wconf 89' lang='lat' dir='ltr'>misi,</span> <span class='ocrx_word' id='word_1_152' title='bbox 450 1947 489 2003; x_wconf 92' lang='lat' dir='ltr'>ut</span> <span class='ocrx_word' id='word_1_153' title='bbox 513 1942 557 2003; x_wconf 90' lang='lat' dir='ltr'>ad</span> <span class='ocrx_word' id='word_1_154' title='bbox 585 1961 639 2003; x_wconf 90' lang='lat' dir='ltr'>me</span> <span class='ocrx_word' id='word_1_155' title='bbox 664 1942 830 2003; x_wconf 91' lang='lat' dir='ltr'>continuo</span> <span class='ocrx_word' id='word_1_156' title='bbox 854 1940 955 2001; x_wconf 90' lang='lat' dir='ltr'>initia</span> <span class='ocrx_word' id='word_1_157' title='bbox 978 1958 1095 2001; x_wconf 88' lang='lat' dir='ltr'>rerum</span> <span class='ocrx_word' id='word_1_158' title='bbox 1121 1943 1155 2001; x_wconf 91' lang='lat' dir='ltr'>et</span> <span class='ocrx_word' id='word_1_159' title='bbox 1177 1957 1234 2000; x_wconf 86' lang='lat' dir='ltr'>ra·</span> 
     </span>
     <span class='ocr_line' id='line_1_21' title="bbox 177 2027 1234 2109; baseline 0 -19"><span class='ocrx_word' id='word_1_160' title='bbox 177 2028 306 2091; x_wconf 91' lang='lat' dir='ltr'>tionem</span> <span class='ocrx_word' id='word_1_161' title='bbox 331 2030 438 2091; x_wconf 90' lang='lat' dir='ltr'>totius</span> <span class='ocrx_word' id='word_1_162' title='bbox 468 2030 601 2109; x_wconf 85' lang='lat' dir='ltr'>negotii</span> <span class='ocrx_word' id='word_1_163' title='bbox 629 2049 748 2109; x_wconf 85' lang='lat' dir='ltr'>posses</span> <span class='ocrx_word' id='word_1_164' title='bbox 776 2029 949 2104; x_wconf 85' lang='lat' dir='ltr'>scribere;</span> <span class='ocrx_word' id='word_1_165' title='bbox 984 2028 1049 2090; x_wconf 90' lang='lat' dir='ltr'>etsi</span> <span class='ocrx_word' id='word_1_166' title='bbox 1073 2027 1234 2108; x_wconf 85' lang='lat' dir='ltr'>Dexippo</span> 
     </span>
    </p>

    <p class='ocr_par' dir='ltr' id='par_1_5' title="bbox 99 2114 1234 2637">
     <span class='ocr_line' id='line_1_22' title="bbox 99 2114 1233 2197; baseline 0.001 -21"><span class='ocrx_word' id='word_1_167' title='bbox 99 2114 102 2119; x_wconf 84' lang='lat'>&#39;</span> <span class='ocrx_word' id='word_1_168' title='bbox 156 2125 316 2195; x_wconf 71' lang='lat' dir='ltr'>&#39;quoque</span> <span class='ocrx_word' id='word_1_169' title='bbox 340 2117 388 2177; x_wconf 88' lang='lat' dir='ltr'>ita</span> <span class='ocrx_word' id='word_1_170' title='bbox 412 2117 594 2197; x_wconf 84' lang='lat' dir='ltr'>imperavi,</span> <span class='ocrx_word' id='word_1_171' title='bbox 618 2119 737 2179; x_wconf 89' lang='lat' dir='ltr'>statim</span> <span class='ocrx_word' id='word_1_172' title='bbox 753 2122 792 2179; x_wconf 95' lang='lat' dir='ltr'>ut</span> <span class='ocrx_word' id='word_1_173' title='bbox 812 2122 1021 2191; x_wconf 86' lang='lat' dir='ltr'>recurreret,</span> <span class='ocrx_word' id='word_1_174' title='bbox 1045 2122 1078 2178; x_wconf 90' lang='lat' dir='ltr'>et</span> <span class='ocrx_word' id='word_1_175' title='bbox 1103 2117 1147 2178; x_wconf 88' lang='lat' dir='ltr'>ad</span> <span class='ocrx_word' id='word_1_176' title='bbox 1163 2115 1233 2177; x_wconf 89' lang='lat' dir='ltr'>fra·</span> 
     </span>
     <span class='ocr_line' id='line_1_23' title="bbox 177 2204 1234 2283; baseline 0.001 -19"><span class='ocrx_word' id='word_1_177' title='bbox 177 2209 267 2265; x_wconf 90' lang='lat' dir='ltr'>trem</span> <span class='ocrx_word' id='word_1_178' title='bbox 290 2204 382 2281; x_wconf 88' lang='lat' dir='ltr'>misi,</span> <span class='ocrx_word' id='word_1_179' title='bbox 406 2210 445 2266; x_wconf 93' lang='lat' dir='ltr'>ut</span> <span class='ocrx_word' id='word_1_180' title='bbox 469 2205 594 2267; x_wconf 88' lang='lat' dir='ltr'>crebro</span> <span class='ocrx_word' id='word_1_181' title='bbox 618 2205 823 2267; x_wconf 89' lang='lat' dir='ltr'>tabellarios</span> <span class='ocrx_word' id='word_1_182' title='bbox 846 2206 1009 2267; x_wconf 90' lang='lat' dir='ltr'>mitteret.</span> <span class='ocrx_word' id='word_1_183' title='bbox 1057 2205 1144 2265; x_wconf 88' lang='lat' dir='ltr'>Nam</span> <span class='ocrx_word' id='word_1_184' title='bbox 1167 2222 1234 2283; x_wconf 85' lang='lat' dir='ltr'>ego</span> 
     </span>
     <span class='ocr_line' id='line_1_24' title="bbox 177 2292 1233 2372; baseline 0 -20"><span class='ocrx_word' id='word_1_185' title='bbox 177 2309 217 2353; x_wconf 92' lang='lat' dir='ltr'>eo</span> <span class='ocrx_word' id='word_1_186' title='bbox 248 2292 387 2354; x_wconf 90' lang='lat' dir='ltr'>nomine</span> <span class='ocrx_word' id='word_1_187' title='bbox 416 2310 492 2353; x_wconf 92' lang='lat' dir='ltr'>sum</span> <span class='ocrx_word' id='word_1_188' title='bbox 515 2292 727 2372; x_wconf 82' lang='lat' dir='ltr'>Dyrrhachii</span> <span class='ocrx_word' id='word_1_189' title='bbox 759 2293 824 2355; x_wconf 93' lang='lat' dir='ltr'>hoc</span> <span class='ocrx_word' id='word_1_190' title='bbox 857 2299 1027 2371; x_wconf 92' lang='lat' dir='ltr'>tempore,</span> <span class='ocrx_word' id='word_1_191' title='bbox 1055 2298 1094 2353; x_wconf 95' lang='lat' dir='ltr'>ut</span> <span class='ocrx_word' id='word_1_192' title='bbox 1128 2310 1233 2370; x_wconf 90' lang='lat' dir='ltr'>quam</span> 
     </span>
     <span class='ocr_line' id='line_1_25' title="bbox 177 2378 1234 2459; baseline 0 -20"><span class='ocrx_word' id='word_1_193' title='bbox 177 2378 366 2456; x_wconf 88' lang='lat' dir='ltr'>celerrime,</span> <span class='ocrx_word' id='word_1_194' title='bbox 391 2381 476 2458; x_wconf 89' lang='lat' dir='ltr'>quid</span> <span class='ocrx_word' id='word_1_195' title='bbox 500 2386 636 2459; x_wconf 87' lang='lat' dir='ltr'>agatur,</span> <span class='ocrx_word' id='word_1_196' title='bbox 660 2381 809 2459; x_wconf 86' lang='lat' dir='ltr'>audiam,</span> <span class='ocrx_word' id='word_1_197' title='bbox 834 2387 869 2443; x_wconf 93' lang='grc' dir='ltr'>θῖ</span> <span class='ocrx_word' id='word_1_198' title='bbox 889 2399 965 2442; x_wconf 89' lang='lat' dir='ltr'>sum</span> <span class='ocrx_word' id='word_1_199' title='bbox 989 2386 1065 2442; x_wconf 93' lang='lat' dir='ltr'>tuto</span> <span class='ocrx_word' id='word_1_200' title='bbox 1073 2400 1081 2454; x_wconf 93' lang='lat'>;</span> <span class='ocrx_word' id='word_1_201' title='bbox 1107 2379 1234 2441; x_wconf 85' lang='lat' dir='ltr'>civitas</span> 
     </span>
     <span class='ocr_line' id='line_1_26' title="bbox 176 2466 1231 2548; baseline -0.001 -21"><span class='ocrx_word' id='word_1_202' title='bbox 176 2466 268 2528; x_wconf 90' lang='lat' dir='ltr'>enim</span> <span class='ocrx_word' id='word_1_203' title='bbox 284 2467 370 2529; x_wconf 91' lang='lat' dir='ltr'>haec</span> <span class='ocrx_word' id='word_1_204' title='bbox 383 2486 518 2548; x_wconf 88' lang='lat' dir='ltr'>semper</span> <span class='ocrx_word' id='word_1_205' title='bbox 532 2486 551 2529; x_wconf 92' lang='lat' dir='ltr'>a</span> <span class='ocrx_word' id='word_1_206' title='bbox 564 2487 618 2530; x_wconf 91' lang='lat' dir='ltr'>me</span> <span class='ocrx_word' id='word_1_207' title='bbox 632 2468 774 2531; x_wconf 86' lang='lat' dir='ltr'>defensa</span> <span class='ocrx_word' id='word_1_208' title='bbox 788 2475 847 2532; x_wconf 90' lang='lat' dir='ltr'>est.</span> <span class='ocrx_word' id='word_1_209' title='bbox 872 2468 959 2530; x_wconf 83' lang='lat' dir='ltr'>Cum</span> <span class='ocrx_word' id='word_1_210' title='bbox 970 2467 1102 2529; x_wconf 88' lang='lat' dir='ltr'>inimici</span> <span class='ocrx_word' id='word_1_211' title='bbox 1120 2467 1231 2529; x_wconf 88' lang='lat' dir='ltr'>nostri</span> 
     </span>
     <span class='ocr_line' id='line_1_27' title="bbox 176 2555 913 2637; baseline 0.004 -23"><span class='ocrx_word' id='word_1_212' title='bbox 176 2556 297 2617; x_wconf 85' lang='lat' dir='ltr'>venire</span> <span class='ocrx_word' id='word_1_213' title='bbox 323 2555 492 2633; x_wconf 89' lang='lat' dir='ltr'>dicentur,</span> <span class='ocrx_word' id='word_1_214' title='bbox 516 2563 591 2618; x_wconf 91' lang='lat' dir='ltr'>tum</span> <span class='ocrx_word' id='word_1_215' title='bbox 613 2558 651 2618; x_wconf 91' lang='lat' dir='ltr'>in</span> <span class='ocrx_word' id='word_1_216' title='bbox 674 2557 822 2637; x_wconf 89' lang='lat' dir='ltr'>Epirum</span> <span class='ocrx_word' id='word_1_217' title='bbox 846 2557 913 2618; x_wconf 93' lang='lat' dir='ltr'>ibo.</span> 
     </span>
    </p>

    <p class='ocr_par' dir='ltr' id='par_1_6' title="bbox 148 2643 1233 3688">
     <span class='ocr_line' id='line_1_28' title="bbox 148 2643 1232 2721; baseline -0.003 -16"><span class='ocrx_word' id='word_1_218' title='bbox 148 2655 165 2705; x_wconf 84' lang='lat'><strong>5</strong></span> <span class='ocrx_word' id='word_1_219' title='bbox 264 2643 365 2716; x_wconf 79' lang='lat' dir='ltr'>Quod</span> <span class='ocrx_word' id='word_1_220' title='bbox 389 2643 514 2706; x_wconf 87' lang='lat' dir='ltr'>scribis</span> <span class='ocrx_word' id='word_1_221' title='bbox 538 2650 581 2720; x_wconf 90' lang='lat' dir='ltr'>te,</span> <span class='ocrx_word' id='word_1_222' title='bbox 605 2645 634 2705; x_wconf 91' lang='lat' dir='ltr'>si</span> <span class='ocrx_word' id='word_1_223' title='bbox 658 2645 773 2721; x_wconf 91' lang='lat' dir='ltr'>velim,</span> <span class='ocrx_word' id='word_1_224' title='bbox 798 2646 842 2707; x_wconf 93' lang='lat' dir='ltr'>ad</span> <span class='ocrx_word' id='word_1_225' title='bbox 865 2662 919 2705; x_wconf 91' lang='lat' dir='ltr'>me</span> <span class='ocrx_word' id='word_1_226' title='bbox 943 2650 1142 2717; x_wconf 86' lang='lat' dir='ltr'>venturam,</span> <span class='ocrx_word' id='word_1_227' title='bbox 1166 2660 1232 2721; x_wconf 85' lang='lat' dir='ltr'>ego</span> 
     </span>
     <span class='ocr_line' id='line_1_29' title="bbox 175 2730 1233 2812; baseline -0.001 -20"><span class='ocrx_word' id='word_1_228' title='bbox 175 2750 274 2809; x_wconf 92' lang='lat' dir='ltr'>vero,</span> <span class='ocrx_word' id='word_1_229' title='bbox 304 2750 382 2793; x_wconf 89' lang='lat' dir='ltr'>cum</span> <span class='ocrx_word' id='word_1_230' title='bbox 410 2733 517 2793; x_wconf 87' lang='lat' dir='ltr'>sciam</span> <span class='ocrx_word' id='word_1_231' title='bbox 545 2750 709 2811; x_wconf 84' lang='lat' dir='ltr'>magnam</span> <span class='ocrx_word' id='word_1_232' title='bbox 737 2738 873 2812; x_wconf 92' lang='lat' dir='ltr'>partem</span> <span class='ocrx_word' id='word_1_233' title='bbox 902 2731 1004 2793; x_wconf 87' lang='lat' dir='ltr'>istius</span> <span class='ocrx_word' id='word_1_234' title='bbox 1028 2730 1145 2792; x_wconf 89' lang='lat' dir='ltr'>oneris</span> <span class='ocrx_word' id='word_1_235' title='bbox 1170 2730 1233 2792; x_wconf 87' lang='lat' dir='ltr'>ahs</span> 
     </span>
     <span class='ocr_line' id='line_1_30' title="bbox 175 2818 1231 2899; baseline -0.003 -18"><span class='ocrx_word' id='word_1_236' title='bbox 175 2825 209 2881; x_wconf 93' lang='grc' dir='ltr'>ῖθ</span> <span class='ocrx_word' id='word_1_237' title='bbox 237 2819 416 2896; x_wconf 88' lang='lat' dir='ltr'>sustineri,</span> <span class='ocrx_word' id='word_1_238' title='bbox 445 2824 479 2882; x_wconf 95' lang='lat' dir='ltr'>te</span> <span class='ocrx_word' id='word_1_239' title='bbox 507 2820 586 2882; x_wconf 91' lang='lat' dir='ltr'>istic</span> <span class='ocrx_word' id='word_1_240' title='bbox 615 2839 689 2882; x_wconf 90' lang='lat' dir='ltr'>esse</span> <span class='ocrx_word' id='word_1_241' title='bbox 717 2821 807 2883; x_wconf 88' lang='lat' dir='ltr'>volo.</span> <span class='ocrx_word' id='word_1_242' title='bbox 858 2820 894 2882; x_wconf 85' lang='lat' dir='ltr'>si</span> <span class='ocrx_word' id='word_1_243' title='bbox 922 2819 1109 2899; x_wconf 85' lang='lat' dir='ltr'>perficitis,</span> <span class='ocrx_word' id='word_1_244' title='bbox 1137 2818 1231 2896; x_wconf 88' lang='lat' dir='ltr'>quod</span> 
     </span>
     <span class='ocr_line' id='line_1_31' title="bbox 175 2906 1231 2988; baseline 0.001 -22"><span class='ocrx_word' id='word_1_245' title='bbox 175 2907 289 2985; x_wconf 85' lang='lat' dir='ltr'>agitis,</span> <span class='ocrx_word' id='word_1_246' title='bbox 317 2926 371 2969; x_wconf 90' lang='lat' dir='ltr'>me</span> <span class='ocrx_word' id='word_1_247' title='bbox 396 2908 440 2969; x_wconf 89' lang='lat' dir='ltr'>ad</span> <span class='ocrx_word' id='word_1_248' title='bbox 464 2926 527 2970; x_wconf 90' lang='lat' dir='ltr'>vos</span> <span class='ocrx_word' id='word_1_249' title='bbox 551 2908 672 2970; x_wconf 86' lang='lat' dir='ltr'>venire</span> <span class='ocrx_word' id='word_1_250' title='bbox 696 2913 853 2988; x_wconf 87' lang='lat' dir='ltr'>oportet;</span> <span class='ocrx_word' id='word_1_251' title='bbox 886 2908 940 2969; x_wconf 89' lang='lat' dir='ltr'>sin</span> <span class='ocrx_word' id='word_1_252' title='bbox 965 2912 1080 2969; x_wconf 88' lang='lat' dir='ltr'>autem</span> <span class='ocrx_word' id='word_1_253' title='bbox 1106 2942 1146 2950; x_wconf 94' lang='lat'>—</span> <span class='ocrx_word' id='word_1_254' title='bbox 1171 2906 1231 2968; x_wconf 89' lang='lat' dir='ltr'>sed</span> 
     </span>
     <span class='ocr_line' id='line_1_32' title="bbox 174 2993 1233 3076; baseline 0.001 -23"><span class='ocrx_word' id='word_1_255' title='bbox 174 2993 262 3054; x_wconf 91' lang='lat' dir='ltr'>nihil</span> <span class='ocrx_word' id='word_1_256' title='bbox 286 3012 373 3074; x_wconf 91' lang='lat' dir='ltr'>opus</span> <span class='ocrx_word' id='word_1_257' title='bbox 397 3000 449 3057; x_wconf 90' lang='grc' dir='ltr'>θεῖ</span> <span class='ocrx_word' id='word_1_258' title='bbox 470 2996 607 3076; x_wconf 89' lang='lat' dir='ltr'>reliqua</span> <span class='ocrx_word' id='word_1_259' title='bbox 632 2997 794 3066; x_wconf 87' lang='lat' dir='ltr'>scribere.</span> <span class='ocrx_word' id='word_1_260' title='bbox 832 2997 886 3057; x_wconf 85' lang='lat' dir='ltr'>Ex</span> <span class='ocrx_word' id='word_1_261' title='bbox 909 2995 1033 3075; x_wconf 90' lang='lat' dir='ltr'>primis</span> <span class='ocrx_word' id='word_1_262' title='bbox 1058 2999 1117 3057; x_wconf 88' lang='lat' dir='ltr'>aut</span> <span class='ocrx_word' id='word_1_263' title='bbox 1141 3011 1233 3056; x_wconf 84' lang='lat' dir='ltr'>sum-</span> 
     </span>
     <span class='ocr_line' id='line_1_33' title="bbox 174 3081 1232 3164; baseline 0 -22"><span class='ocrx_word' id='word_1_264' title='bbox 174 3100 269 3142; x_wconf 91' lang='lat' dir='ltr'>mum</span> <span class='ocrx_word' id='word_1_265' title='bbox 285 3083 446 3145; x_wconf 86' lang='lat' dir='ltr'>secundis</span> <span class='ocrx_word' id='word_1_266' title='bbox 462 3083 590 3146; x_wconf 89' lang='lat' dir='ltr'>litteris</span> <span class='ocrx_word' id='word_1_267' title='bbox 606 3085 676 3146; x_wconf 88' lang='lat' dir='ltr'>tuis</span> <span class='ocrx_word' id='word_1_268' title='bbox 694 3084 906 3147; x_wconf 86' lang='lat' dir='ltr'>constituere</span> <span class='ocrx_word' id='word_1_269' title='bbox 922 3083 1124 3164; x_wconf 91' lang='lat' dir='ltr'>poterimus,</span> <span class='ocrx_word' id='word_1_270' title='bbox 1146 3081 1232 3160; x_wconf 88' lang='lat' dir='ltr'>quid</span> 
     </span>
     <span class='ocr_line' id='line_1_34' title="bbox 174 3168 1231 3248; baseline 0.001 -18"><span class='ocrx_word' id='word_1_271' title='bbox 174 3170 275 3232; x_wconf 87' lang='lat' dir='ltr'>nohis</span> <span class='ocrx_word' id='word_1_272' title='bbox 304 3170 503 3233; x_wconf 84' lang='lat' dir='ltr'>faciendum</span> <span class='ocrx_word' id='word_1_273' title='bbox 532 3173 592 3248; x_wconf 87' lang='lat' dir='ltr'>sit;</span> <span class='ocrx_word' id='word_1_274' title='bbox 627 3179 666 3234; x_wconf 95' lang='lat' dir='ltr'>tu</span> <span class='ocrx_word' id='word_1_275' title='bbox 696 3174 800 3235; x_wconf 91' lang='lat' dir='ltr'>modo</span> <span class='ocrx_word' id='word_1_276' title='bbox 829 3172 874 3234; x_wconf 88' lang='lat' dir='ltr'>ad</span> <span class='ocrx_word' id='word_1_277' title='bbox 901 3190 956 3234; x_wconf 91' lang='lat' dir='ltr'>me</span> <span class='ocrx_word' id='word_1_278' title='bbox 980 3170 1086 3233; x_wconf 91' lang='lat' dir='ltr'>velim</span> <span class='ocrx_word' id='word_1_279' title='bbox 1114 3168 1231 3231; x_wconf 88' lang='lat' dir='ltr'>omnia</span> 
     </span>
     <span class='ocr_line' id='line_1_35' title="bbox 175 3258 1231 3340; baseline -0.002 -21"><span class='ocrx_word' id='word_1_280' title='bbox 175 3258 441 3338; x_wconf 85' lang='lat' dir='ltr'>diligentissime</span> <span class='ocrx_word' id='word_1_281' title='bbox 464 3261 681 3340; x_wconf 82' lang='lat' dir='ltr'>perscribas3</span> <span class='ocrx_word' id='word_1_282' title='bbox 709 3260 773 3322; x_wconf 89' lang='lat' dir='ltr'>etsi</span> <span class='ocrx_word' id='word_1_283' title='bbox 797 3260 909 3340; x_wconf 86' lang='lat' dir='ltr'>magis</span> <span class='ocrx_word' id='word_1_284' title='bbox 932 3260 1003 3322; x_wconf 88' lang='lat' dir='ltr'>iam</span> <span class='ocrx_word' id='word_1_285' title='bbox 1025 3277 1101 3320; x_wconf 88' lang='lat' dir='ltr'>rem</span> <span class='ocrx_word' id='word_1_286' title='bbox 1125 3276 1231 3336; x_wconf 91' lang='lat' dir='ltr'>quam</span> 
     </span>
     <span class='ocr_line' id='line_1_36' title="bbox 174 3344 1231 3428; baseline -0.002 -21"><span class='ocrx_word' id='word_1_287' title='bbox 174 3346 311 3409; x_wconf 86' lang='lat' dir='ltr'>litteras</span> <span class='ocrx_word' id='word_1_288' title='bbox 335 3347 445 3409; x_wconf 89' lang='lat' dir='ltr'>debeo</span> <span class='ocrx_word' id='word_1_289' title='bbox 469 3352 681 3428; x_wconf 86' lang='lat' dir='ltr'>exspectare.</span> <span class='ocrx_word' id='word_1_290' title='bbox 718 3347 820 3426; x_wconf 83' lang='lat' dir='ltr'>Oura,</span> <span class='ocrx_word' id='word_1_291' title='bbox 843 3354 882 3410; x_wconf 91' lang='lat' dir='ltr'>ut</span> <span class='ocrx_word' id='word_1_292' title='bbox 898 3348 1017 3410; x_wconf 88' lang='lat' dir='ltr'>valeas</span> <span class='ocrx_word' id='word_1_293' title='bbox 1041 3346 1140 3408; x_wconf 88' lang='lat' dir='ltr'>etita</span> <span class='ocrx_word' id='word_1_294' title='bbox 1164 3344 1231 3406; x_wconf 92' lang='lat' dir='ltr'>tibi</span> 
     </span>
     <span class='ocr_line' id='line_1_37' title="bbox 173 3435 1231 3513; baseline -0.003 -16"><span class='ocrx_word' id='word_1_295' title='bbox 173 3436 400 3513; x_wconf 88' lang='lat' dir='ltr'>persuadeas,</span> <span class='ocrx_word' id='word_1_296' title='bbox 430 3435 516 3496; x_wconf 90' lang='lat' dir='ltr'>mihi</span> <span class='ocrx_word' id='word_1_297' title='bbox 544 3440 578 3497; x_wconf 94' lang='grc' dir='ltr'>ῖθ</span> <span class='ocrx_word' id='word_1_298' title='bbox 607 3436 724 3498; x_wconf 86' lang='lat' dir='ltr'>carius</span> <span class='ocrx_word' id='word_1_299' title='bbox 751 3437 840 3498; x_wconf 90' lang='lat' dir='ltr'>nihil</span> <span class='ocrx_word' id='word_1_300' title='bbox 868 3454 943 3498; x_wconf 90' lang='lat' dir='ltr'>esse</span> <span class='ocrx_word' id='word_1_301' title='bbox 972 3453 1035 3497; x_wconf 90' lang='lat' dir='ltr'>nec</span> <span class='ocrx_word' id='word_1_302' title='bbox 1064 3451 1231 3512; x_wconf 88' lang='lat' dir='ltr'>umquam</span> 
     </span>
     <span class='ocr_line' id='line_1_38' title="bbox 173 3521 1230 3604; baseline 0 -23"><span class='ocrx_word' id='word_1_303' title='bbox 173 3521 289 3585; x_wconf 81' lang='lat' dir='ltr'>fuisse.</span> <span class='ocrx_word' id='word_1_304' title='bbox 329 3523 422 3601; x_wconf 88' lang='lat' dir='ltr'>Vale,</span> <span class='ocrx_word' id='word_1_305' title='bbox 446 3542 521 3585; x_wconf 89' lang='lat' dir='ltr'>mea</span> <span class='ocrx_word' id='word_1_306' title='bbox 539 3524 717 3601; x_wconf 87' lang='lat' dir='ltr'>Terentia;</span> <span class='ocrx_word' id='word_1_307' title='bbox 743 3543 848 3604; x_wconf 87' lang='lat' dir='ltr'>quam</span> <span class='ocrx_word' id='word_1_308' title='bbox 872 3542 937 3603; x_wconf 86' lang='lat' dir='ltr'>ego</span> <span class='ocrx_word' id='word_1_309' title='bbox 960 3523 1083 3585; x_wconf 86' lang='lat' dir='ltr'>videre</span> <span class='ocrx_word' id='word_1_310' title='bbox 1106 3521 1230 3584; x_wconf 87' lang='lat' dir='ltr'>videor</span> 
     </span>
     <span class='ocr_line' id='line_1_39' title="bbox 173 3609 1056 3688; baseline 0.001 -19"><span class='ocrx_word' id='word_1_311' title='bbox 173 3609 292 3688; x_wconf 91' lang='lat' dir='ltr'>itaque</span> <span class='ocrx_word' id='word_1_312' title='bbox 317 3611 481 3673; x_wconf 88' lang='lat' dir='ltr'>debilitor</span> <span class='ocrx_word' id='word_1_313' title='bbox 506 3611 668 3674; x_wconf 89' lang='lat' dir='ltr'>lacrimis.</span> <span class='ocrx_word' id='word_1_314' title='bbox 716 3613 809 3674; x_wconf 89' lang='lat' dir='ltr'>Vale.</span> <span class='ocrx_word' id='word_1_315' title='bbox 834 3611 889 3672; x_wconf 88' lang='lat' dir='ltr'>Pr.</span> <span class='ocrx_word' id='word_1_316' title='bbox 915 3611 953 3673; x_wconf 88' lang='lat' dir='ltr'>K.</span> <span class='ocrx_word' id='word_1_317' title='bbox 978 3611 1056 3671; x_wconf 89' lang='lat' dir='ltr'>Dec.</span> 
     </span>
    </p>
   </div>
   <div class='ocr_carea' id='block_1_3' title="bbox 0 0 1376 4075">
    <p class='ocr_par' dir='ltr' id='par_1_7' title="bbox 0 0 1376 4075">
     <span class='ocr_line' id='line_1_40' title="bbox 0 0 1376 4075; baseline 0 1"><span class='ocrx_word' id='word_1_318' title='bbox 0 0 1376 4075; x_wconf 95' lang='lat' dir='ltr'> </span> 
     </span>
    </p>
   </div>
  </div>
 </body>
</html>
