2742 4075
469 196 471 199 ι
519 161 843 230 111111011110.
1172 150 1212 211 57

149 322 238 383 mihi
270 322 331 383 des
363 321 548 384 consilium
579 322 693 384 velim.
744 322 853 383 Navis
881 329 915 383 et
944 322 980 383 in
1010 322 1129 385 Caieta
1161 330 1212 385 est

149 415 279 489 parata
303 410 405 471 nobis
429 416 464 471 et
487 409 676 471 Brundisii.

240 496 309 558 Sed
333 515 412 559 ecce
436 498 551 558 nuntii
568 497 743 580 scribente
767 516 821 559 100
838 498 923 559 haec
946 498 1022 577 ipsa
1047 503 1153 560 noctu
1176 499 1239 562 107
1294 506 1298 510 ⁴

150 584 297 661 Calene,
322 603 401 647 ecce
425 585 564 647 litterae
589 584 776 647 Caesarem
800 586 844 647 ad
869 585 1074 664 Corfinium,
1098 587 1211 648 Domi·

149 673 241 734 tium
257 672 409 734 Corfinii
426 692 505 734 cum
520 673 626 734 iirmo
643 673 800 735 exercitu
816 679 850 735 01
867 692 1026 753 pugnare
1042 674 1212 754 cupiente.

149 762 230 822 Non
253 766 340 839 puto
364 761 470 822 etiam
493 761 559 822 hoc
576 761 732 823 Gnaeum
756 768 915 822 nostrum
939 762 1212 840 commissurum,

149 854 191 910 ut
219 849 412 909 Domitium
440 848 633 928 relinquat;
667 848 732 911 etsi
761 849 987 911 Brundisium
1016 849 1212 930 Scipionem

150 955 232 999 cum
256 936 461 999 cohortibus
477 937 613 998 duabus
629 937 869 1015 praemiserat,
893 938 1066 1016 legionem
1082 939 1212 1000 Fausto

149 1024 390 1103 conscriptam
413 1025 450 1086 10
473 1023 628 1086 Siciliam
657 1025 724 1087 sibi
754 1026 894 1104 placere
919 1045 938 1087 a
967 1027 1107 1088 consule
1132 1027 1211 1089 duci

150 1113 345 1192 scripserat
370 1114 415 1175 ad
432 1113 598 1174 consules.
633 1112 700 1174 Sed
717 1118 820 1193 turpe
837 1113 1027 1175 Domitium
1052 1115 1211 1177 deserere

150 1200 221 1263 erit
244 1201 493 1280 implorantem
516 1201 591 1262 eius
616 1201 794 1262 auxilium.
841 1202 904 1263 Est
929 1202 1099 1280 quaedam
1124 1221 1211 1282 0000,

149 1289 238 1349 mihi
263 1290 405 1367 quidem
421 1306 491 1351 non
515 1307 650 1367 magna,
675 1289 789 1350 sedin
805 1289 859 1351 his
875 1289 961 1351 locis
981 1290 1094 1366 firma,
1112 1290 1211 1353 Afra-

150 1377 249 1438 nium
278 1378 314 1438 in
339 1377 521 1457 Pyrenaeo
550 1396 628 1438 cum
652 1377 827 1439 Trebonio
855 1396 1044 1456 pugnasse,
1072 1379 1211 1457 pulsum

151 1465 375 1542 Trebonium,
399 1464 505 1527 011010
520 1464 668 1526 Fabium
692 1471 791 1526 tuum
807 1466 975 1527 transisse
997 1483 1074 1527 cum
1091 1467 1211 1528 cohor-

150 1553 248 1615 tibus
256 1573 264 1629 ;
302 1571 436 1614 summa
468 1557 585 1614 autem
609 1552 794 1614 Afranium
825 1572 903 1615 cum
934 1554 1071 1632 magnis
1102 1554 1212 1634 copiis

151 1642 355 1702 adventare.
401 1641 443 1702 Id
473 1640 502 1701 si
533 1646 598 1718 est,
629 1641 666 1701 in
694 1641 797 1702 110110
827 1640 979 1703 10110000
1003 1642 1210 1704 manebitur.

150 1729 229 1807 Ego
255 1735 384 1805 autem,
413 1746 491 1790 cum
515 1735 606 1791 00001
629 1729 802 1790 incertum
825 1730 893 1791 iter
918 1728 1092 1806 Caesaris,
1117 1731 1211 1808 quod

150 1816 210 1878 vel
239 1817 283 1878 ad
309 1816 465 1896 Capuam
493 1817 549 1878 vel
579 1817 624 1878 ad
652 1817 836 1878 Luceriam
864 1817 979 1878 iturus
1009 1818 1210 1894 putabatur,

150 1904 300 1983 Leptam
316 1905 394 1965 misi
420 1905 464 1966 ad
480 1904 682 1983 Pompeium
700 1923 778 1965 cum
803 1903 947 1979 litteris;
973 1904 1057 1983 ipse,
1082 1923 1211 1983 nequo

149 1992 353 2069 inciderem,
377 1993 509 2055 reverti
534 1992 702 2055 Formias,

242 2082 339 2142 Haec
363 2088 397 2142 te
421 2082 511 2143 scire
535 2081 631 2144 volui
660 2081 855 2160 scripsique
887 2081 1061 2143 sedatiore
1086 2082 1210 2158 animo,

151 2187 259 2249 quam
287 2169 447 2248 proxime
475 2170 699 2249 scripseram,
733 2169 867 2230 0011010
900 2188 1014 2231 100001
1042 2169 1211 2232 iudicium

150 2258 389 2337 interponens,
414 2258 475 2319 sed
499 2258 688 2337 exquirens
712 2263 819 2318 tuum.

439 2469 489 2530 10.
516 2469 575 2547 (ac
599 2468 666 2529 1111.
692 2468 783 2544 vm,
810 2470 847 2529 11
873 2467 923 2547 o.)

215 2608 275 2664 CN.
295 2607 462 2664 MAGNUS
483 2607 653 2664 PROCOS.
674 2607 704 2663 S,
726 2609 760 2663 D.
782 2608 821 2663 Μ.
843 2608 1044 2664 CICERONI
1064 2609 1148 2663 IMP.

242 2734 273 2797 S.
290 2735 327 2796 V.
344 2735 380 2795 B.
396 2735 434 2796 E.
471 2735 562 2796 Tuas
579 2735 716 2795 litteras
739 2734 889 2796 libenter
906 2733 983 2812 legi.
1008 2735 1210 2814 Recognovi

151 2823 245 2886 enim
268 2828 364 2884 tuam
388 2822 574 2902 pristinam
598 2823 766 2884 virtutem
795 2823 900 2884 etiam
923 2822 960 2882 in
984 2823 1096 2884 salute
1120 2841 1209 2884 com-

152 2911 258 2974 muni.
305 2910 472 2972 Consules
497 2911 541 2993 ad
565 2929 643 2972 eum
667 2911 868 2986 exercitum,
895 2928 997 2989 quem
1021 2910 1058 2971 in
1082 2911 1209 2991 Apulia

153 3000 275 3076 habui,
307 3005 488 3061 venerunt.
546 2999 674 3077 Magno
707 3016 813 3077 opere
841 3004 875 3060 te
903 2998 1026 3060 hortor
1054 3018 1120 3079 pro
1148 3006 1209 3062 tuo

152 3086 324 3167 singulari
349 3092 589 3166 perpetuoque
613 3086 730 3148 studio
754 3086 790 3147 in
813 3103 887 3148 rem
910 3087 1096 3166 publicam,
1120 3093 1159 3149 ut
1175 3094 1210 3150 10
1236 3120 1243 3130 ·

153 3176 198 3237 ad
226 3193 289 3237 nos
319 3173 493 3251 conferas,
513 3179 562 3235 -ut
590 3174 764 3235 communi
795 3173 939 3237 consilio
966 3176 1019 3236 rei
1047 3175 1209 3255 publicae

123 3312 126 3319 .
153 3262 309 3325 afflictae
333 3281 434 3342 opem
458 3267 564 3340 atque
589 3262 759 3323 auxilium
775 3261 937 3324 feramus.
976 3262 1121 3340 Censeo,
1149 3263 1208 3324 via

154 3351 267 3431 Appia
292 3353 360 3412 iter
384 3349 494 3412 100100
518 3355 552 3412 01
576 3349 738 3412 celeriter
762 3350 987 3412 Brundisium
1012 3350 1140 3412 venias,
