2742 4075
173 135 215 194 oo
614 148 656 215 11,
675 149 788 202 ao-ao.

174 310 249 370 Non
273 307 341 370 fuit
369 308 576 386 negandum.
623 308 676 368 Ita
706 307 935 369 discessimus.
982 306 1095 368 Credo
1118 306 1230 385 igitur

173 398 265 459 hunc
289 416 343 458 me
367 414 436 457 non
461 413 587 456 amare.
635 395 679 456 At
703 413 768 473 ego
792 413 846 455 me
871 394 1002 472 amavi,
1027 395 1119 473 quod
1144 394 1229 455 mihi

173 486 243 546 iam
267 485 404 564 pridem
427 501 493 544 usu
517 501 586 544 non
610 482 716 544 venit.

145 583 163 634 2
262 572 423 650 Reliqua,
447 589 467 633 o
492 570 543 632 di!
579 571 639 649 qui
664 571 863 647 comitatus,
888 589 991 648 quae,
1015 574 1054 630 ut
1077 576 1116 631 tu
1140 570 1231 631 soles

174 661 299 736 dicere,
323 660 451 722 νέκυιαέ
478 659 514 719 111
539 677 607 738 qua
631 665 708 720 erat
725 676 807 721 area
824 658 973 720 sceleris.
1009 656 1130 719 Orem
1153 675 1230 737 per-

174 748 297 810 ditam!
324 767 344 811 o
369 747 487 826 copias
504 747 723 826 desperatas!
758 745 858 822 Quid,
883 747 976 825 quod
993 744 1107 808 Servii
1123 745 1230 823 iilius,

174 836 267 915 quod
292 835 412 897 Titinii
435 835 472 895 in
495 835 539 895 iis
563 834 688 895 castris
711 833 869 912 fuerunt,
894 833 1021 913 quibus
1045 833 1231 913 Pompeius

173 923 503 985 circumsederetur!
530 922 597 984 Sex
614 922 785 1001 legiones;
803 922 951 983 multum
964 922 1098 1001 vigilat,
1115 922 1230 983 audet.

173 1012 314 1073 Nullum
338 1012 441 1073 video
464 1011 571 1072 finem
595 1010 687 1073 mali.
723 1010 821 1072 Nunc
839 1016 932 1072 certe
956 1010 1148 1089 promenda
1165 1009 1230 1070 tibi

174 1106 254 1162 sunt
278 1099 431 1161 consilia.
478 1100 554 1160 Hoc
578 1097 695 1159 fuerat
719 1105 921 1160 extremum.

146 1199 163 1251 3
261 1187 326 1248 Illa
343 1193 460 1249 tamen
476 1186 650 1259 κατακλεὶς
666 1186 761 1246 illius
778 1192 830 1247 est
847 1186 977 1263 odiosa,
999 1204 1104 1264 quam
1120 1203 1231 1265 paene

173 1275 351 1354 praeterii,
374 1275 402 1336 si
428 1274 495 1336 sibi
519 1274 673 1336 consiliis
697 1274 828 1335 nostris
844 1274 896 1335 uti
913 1292 982 1335 non
998 1273 1128 1350 liceret,
1151 1291 1230 1334 usu-

174 1381 261 1440 rum,
286 1382 435 1442 quorum
459 1369 585 1442 posset,
610 1362 655 1423 ad
671 1362 858 1441 omniaque
882 1379 956 1423 esse
973 1362 1241 1423 descensurum(

174 1451 315 1512 ‘Vidisti
346 1451 455 1530 igitur
489 1451 621 1527 virum,
651 1456 691 1510 ut
726 1450 942 1529 scripseras?
989 1448 1230 1528 ingemuisti‘t’

174 1538 284 1601 Certe.
324 1538 427 1600 ‘Cedo
450 1538 606 1617 reliqua!
650 1536 766 1608 Quid?
814 1536 1086 1619 Continuoyipse
1109 1537 1146 1598 in
1170 1536 1230 1598 Pe-

175 1627 313 1703 danum,
337 1645 402 1706 ego
427 1627 606 1705 Arpinum.
653 1626 739 1687 Inde
763 1631 926 1705 exspecto
950 1625 1109 1704 equidem
1135 1628 1231 1687 λαλα-

173 1720 295 1796 γεῦσαν
321 1714 418 1776 1113111
447 1708 551 1775 1113111.
598 1715 659 1775 ‘Tu
691 1713 828 1790 malim',
859 1713 1009 1792 inquieS,
1039 1714 1162 1774 ‘actum
1187 1730 1230 1774 ne

175 1804 278 1881 agas!
313 1803 429 1864 Etiam
453 1802 552 1863 illum
568 1803 692 1882 ipsum,
717 1802 817 1880 qiiem
839 1801 1026 1880 sequimur,
1044 1800 1159 1885 'multa
1181 1799 1230 1862 fe-

173 1889 348 1953 fellerunt.

147 1992 163 2043 4
263 1978 329 2041 Sed
359 1997 424 2058 ego
454 1983 533 2040 tuas
564 1977 701 2039 litteras
726 1983 898 2057 exspecto.
943 1977 1040 2049 Nihil
1064 1981 1116 2039 est
1138 1976 1230 2037 6111111

174 2067 244 2127 13111
267 2073 306 2128 111
331 2071 432 2127 antea
458 2066 664 2141 ‘Videamus
688 2067 753 2127 hoc
779 2084 945 2145 quorsum
970 2066 1116 2127 evadat!
1163 2066 1231 2126 Ex-

174 2160 324 2215 tremum
347 2153 415 2215 fuit
440 2155 482 2215 de
506 2172 697 2232 congressu
725 2159 846 2215 nostro
854 2175 861 2229 ;
898 2172 966 2233 quo
996 2153 1138 2232 quidem
1161 2171 1231 2214 non

175 2241 297 2303 dubito
322 2242 407 2321 quin
421 2241 528 2302 istum
544 2240 762 2302 offenderim.
799 2242 850 2303 Eo
867 2242 1040 2303 maturius
1057 2241 1231 2320 agendum

174 2335 234 2390 est.
282 2329 415 2390 Amabo
439 2336 482 2406 te,
506 2328 693 2407 epistulam
717 2334 750 2390 et
773 2326 969 2411 πολιτικήνῐ
1018 2328 1128 2391 Valde
1152 2334 1232 2389 tuas

174 2416 310 2478 litteras
334 2436 426 2478 nunc
450 2422 621 2495 exspecto.

496 2682 546 2742 33.
572 2682 631 2758 (aa
656 2682 724 2742 Au
749 2681 787 2758 11,
812 2684 830 2742 a
855 2681 905 2760 B.)

330 2818 489 2874 CAESAR
509 2819 592 2874 ΙΜΡ.
614 2819 697 2875 SAL.
719 2820 754 2874 D.
776 2818 977 2875 CICERONI
998 2820 1082 2874 IMP.

148 2960 161 3008 1
262 2944 338 3005 Etsi
363 2949 396 3005 te
420 2945 507 3004 nihil
524 2952 663 3021 temere,
687 2945 775 3006 nihil
795 2945 1037 3023 imprudenter
1055 2945 1233 3006 facturum

174 3032 377 3108 iudicaram,
388 3037 504 3093 tamen
516 3039 697 3111 permotus
709 3027 888 3094 hominum
900 3032 994 3094 fama
1008 3032 1232 3094 scribendum

175 3120 219 3181 ad
236 3127 270 3181 te
287 3120 485 3181 existimavi
503 3126 537 3181 et
553 3138 618 3199 pro
635 3125 755 3182 nostra
772 3120 1017 3182 benevolentia
1034 3120 1232 3199 petendum,

174 3227 217 3270 ne
241 3226 310 3288 quo
333 3208 601 3287 progredereris
617 3208 814 3288 proclinata
834 3208 904 3268 iam
927 3226 975 3286 re,
1000 3226 1069 3287 quo
1092 3208 1232 3286 integra

174 3298 279 3357 etiam
303 3296 600 3375 progrediendum
618 3296 682 3357 tibi
707 3314 777 3356 non
794 3296 1037 3358 existimasses.
1075 3296 1233 3374 Namque

174 3390 208 3444 et
232 3384 406 3445 amicitiae
429 3384 631 3461 graviorem
647 3383 813 3444 iniuriam
835 3383 961 3445 feceris
978 3389 1012 3446 61
1035 3384 1101 3445 tibi
1117 3383 1233 3444 minus

175 3471 353 3531 commode
377 3470 607 3548 consulueris,
637 3472 665 3532 si
690 3490 760 3532 non
783 3469 949 3533 fortunae
972 3472 1159 3533 obsecutus
1182 3471 1232 3532 vi-

175 3556 302 3617 debere
328 3557 457 3635 (omnia
473 3558 565 3618 enim
582 3558 832 3620 secundissima
849 3559 959 3636 nobis,
984 3559 1232 3621 adversissima

174 3640 250 3702 illis
275 3643 441 3703 accidisse
466 3643 656 3724 videntur),
680 3665 744 3708 nec
768 3663 909 3707 causam
933 3652 1072 3709 secutus
1097 3647 1233 3727 (eadem
