2742 4075
163 152 206 213 94
234 173 237 179 ·
608 166 659 235 iv,
678 169 721 222 so.
741 170 783 222 57.

157 326 347 405 dignitatis
375 332 580 388 consecutus
608 326 656 387 sis
686 328 736 405 (es
766 332 881 388 autem
911 328 1058 406 adeptus
1082 326 1224 405 amplis·

163 415 293 493 simos),
322 432 380 476 eos
404 414 576 475 honorum
600 414 772 475 vocabula
796 414 990 491 habituros
1014 433 1084 476 non
1108 413 1221 492 digni-

162 502 246 563 tatis
269 501 431 580 insignia,
454 501 522 562 nisi
546 506 580 562 te
605 519 682 562 oum
699 501 864 563 libertate
887 502 1007 582 populi
1023 503 1061 563 R.
1083 507 1117 563 et
1141 519 1220 563 cum

163 595 304 651 senatus
329 589 538 651 auctoritate
562 589 794 650 coniunxeris.
841 589 990 669 Seiunge
1014 596 1057 664 te,
1081 606 1221 667 quaeso,

164 678 353 756 aliquando
377 677 421 738 ab
444 677 497 753 iis,
521 695 599 738 cum
624 677 752 756 quibus
776 682 810 738 te
827 696 897 739 non
921 682 1020 739 tuum
1042 677 1221 753 iudicium,

137 766 224 829 3sed
255 773 451 844 temporum
485 764 601 825 vincla
630 765 896 826 coniunxerunt.
947 764 1153 844 Complures
1183 764 1223 825 in

164 852 430 932 perturbatione
464 852 516 913 rei
552 871 583 931 p.
615 853 774 914 consules
806 852 904 928 dicti,
938 871 1087 932 quorum
1119 870 1222 914 nemo

165 940 358 1002 consularis
382 940 539 1016 habitus,
568 940 634 1000 nisi
659 940 720 1019 qui
750 940 865 1001 animo
889 941 1007 1002 extitit
1030 940 1066 1001 in
1089 958 1165 1002 rem
1188 959 1223 1019 p.

165 1027 349 1090 consulari.
386 1027 504 1089 Talem
521 1028 630 1106 igitur
655 1033 690 1088 te
713 1046 788 1089 esse
812 1033 960 1106 oportet,
984 1028 1044 1107 qui
1068 1028 1223 1107 primum

164 1123 198 1178 te
223 1117 266 1185 ab
290 1115 478 1193 impiorum
502 1115 631 1176 civium
648 1115 700 1176 tui
717 1115 1030 1177 dissimillimorum
1054 1115 1224 1177 societate

164 1203 336 1281 seiungas,
360 1203 486 1265 deinde
509 1208 543 1264 te
568 1203 704 1264 senatui
728 1203 1084 1283 bonisqueomnibus
1104 1209 1224 1264 aucto·

163 1309 246 1368 rem,
269 1291 473 1371 prinoipem,
498 1292 620 1352 ducem
644 1291 824 1369 praebeas,
848 1297 1025 1370 postremo
1041 1295 1080 1352 ut
1098 1309 1225 1371 pacem

163 1397 237 1441 esse
261 1379 393 1441 iudices
418 1379 546 1440 nonin
572 1379 679 1440 armis
702 1378 835 1457 positis,
862 1380 982 1441 sedin
1006 1379 1142 1440 abiecto
1167 1396 1224 1439 ar-

163 1485 299 1527 morum
323 1474 357 1529 et
374 1466 555 1529 servitutis
570 1472 673 1528 metu.
710 1467 805 1528 Haec
822 1467 851 1527 si
875 1472 909 1528 et
926 1485 1008 1546 ages
1025 1473 1059 1528 et
1083 1466 1225 1543 senties,

164 1561 237 1616 tum
261 1555 331 1615 eris
355 1573 424 1616 non
448 1555 551 1616 modo
569 1554 740 1616 consulet
761 1555 964 1628 consularis,
988 1554 1048 1616 sed
1072 1572 1226 1633 magnus

163 1642 269 1704 etiam
293 1643 472 1704 consulet
497 1642 708 1717 consularis;
746 1642 800 1703 sin
829 1643 940 1719 aliter,
971 1649 1046 1703 tum
1076 1642 1113 1703 in
1142 1641 1226 1702 istis

164 1730 387 1808 amplissimis
411 1729 812 1792 nominibus.honorum
841 1748 910 1791 non
939 1731 1041 1792 modo
1066 1729 1223 1809 dignitas

163 1817 259 1879 nulla
284 1818 360 1895 erit,
385 1819 445 1880 sed
469 1817 537 1879 erit
561 1835 694 1878 summa
719 1817 932 1879 deformitas.
977 1818 1072 1879 Haec
1095 1816 1221 1896 impul-

164 1924 222 1967 sus
245 1906 490 1967 benevolentia
514 1905 639 1984 scripsi
663 1905 783 1984 paullo
808 1905 980 1980 severius3
1007 1924 1097 1984 quae
1120 1910 1158 1966 tu
1182 1904 1221 1965 in

163 1993 376 2073 experiendo
399 2011 439 2055 ea
463 1993 614 2069 ratione,
643 2011 732 2072 quae
756 1999 790 2055 te
815 1993 921 2072 digna
946 1999 1011 2071 cst,
1035 2011 1119 2055 vera
1144 2010 1223 2055 esse

164 2099 360 2159 cognosces.
406 2081 444 2141 D.
468 2098 526 2143 xm
550 2081 587 2142 K.
613 2076 697 2160 Apr.

494 2274 545 2336 57.
570 2273 629 2350 (ad
652 2271 733 2334 fam.
756 2273 795 2349 X,
819 2273 884 2351 30.)

488 2394 622 2449 GALBA
642 2393 844 2450 CICERONI
865 2394 894 2449 S.

138 2532 150 2582 1
252 2522 289 2583 A.
315 2522 344 2583 d.
369 2539 433 2584 xvn
450 2523 486 2583 K.
503 2523 591 2599 Mai,
616 2540 685 2601 quo
710 2523 765 2584 die
782 2523 895 2583 Pansa
913 2522 949 2581 in
968 2520 1093 2581 castris
1110 2518 1221 2579 Hirtii

163 2617 240 2672 erat
264 2610 414 2687 iuturus,
438 2628 516 2671 cum
541 2628 610 2688 quo
627 2628 692 2688 ego
709 2628 806 2671 eram
824 2611 919 2688 (nam
935 2609 965 2669 ei
983 2608 1124 2669 obviam
1140 2624 1221 2685 pro·

163 2717 335 2761 cesseram
351 2698 461 2759 millia
478 2715 601 2777 passus
618 2702 766 2773 centum,
783 2716 852 2776 quo
869 2695 1041 2756 maturius
1058 2694 1221 2772 veniret),

163 2786 335 2848 Antonius
358 2786 513 2864 legiones
537 2785 658 2847 eduxit
683 2786 780 2862 duas,
804 2784 991 2846 secundam
1010 2788 1044 2844 et
1062 2783 1222 2862 quintam

161 2874 383 2950 tricesimam,
406 2878 440 2934 et
462 2873 623 2935 cohortes
647 2873 844 2951 praetorias
864 2872 960 2948 duas,
985 2889 1090 2932 unam
1111 2887 1219 2945 suam,

163 2962 310 3023 alteram
326 2960 445 3037 Silani,
469 2967 695 3022 evocatorum
718 2966 863 3040 partem.
894 2960 948 3020 lta
965 2959 1106 3021 obviam
1123 2958 1219 3018 venit

162 3048 278 3125 nobis,
311 3049 404 3128 quod
434 3067 497 3109 nos
529 3053 697 3128 quattuor
725 3047 879 3126 legiones
907 3047 1062 3109 tironum
1089 3045 1220 3107 habere

162 3137 274 3199 solum
299 3136 550 3198 arbitrabatur.
587 3134 654 3198 Sed
670 3139 786 3211 noctu,
810 3154 879 3214 quo
903 3135 1013 3197 tutius
1037 3133 1159 3196 venire
1182 3131 1220 3193 in

163 3231 278 3287 castra
295 3242 484 3304 possemus,
507 3223 680 3302 legionem
697 3223 869 3300 Martiam,
894 3224 949 3284 cui
969 3242 1034 3303 ego
1057 3237 1220 3301 praeesse

163 3313 325 3389 solebam,
349 3318 383 3373 et
407 3312 495 3373 duas
519 3311 681 3372 cohortes
705 3310 902 3390 praetorias
921 3310 1064 3372 miserat
1080 3307 1220 3371 Hirtius

136 3401 271 3463 2nobis
319 3400 405 3462 Cum
429 3399 564 3478 equites
588 3398 731 3460 Antonii
757 3399 1015 3478 apparuissent,
1047 3397 1219 3459 contineri

163 3506 275 3565 neque
299 3487 391 3566 legio
415 3486 542 3548 Martia
567 3505 679 3566 nequo
708 3487 869 3549 cohortes
897 3486 1096 3565 praetoriae
1120 3490 1220 3564 potu·

163 3580 283 3649 erunt;
309 3592 396 3652 quas
420 3574 519 3653 sequi
536 3574 713 3652 coepimus
733 3574 853 3650 coacti,
878 3573 1044 3653 quoniam
1066 3572 1221 3634 retinere

163 3678 222 3722 eas
246 3679 315 3722 non
338 3667 573 3739 potueramus.
620 3661 792 3723 Antonius
817 3662 861 3722 ad
885 3662 1014 3723 Forum
1039 3660 1221 3722 Gallorum
