2742 4075
600 157 642 226 11,
662 159 776 213 aa-as.

474 317 894 397 mmmmm

339 456 497 514 CAESAR
516 456 601 512 IMP.
623 456 652 512 S.
673 457 709 511 D.
730 455 932 512 CICERONI
952 458 1037 514 IMP.

244 583 330 645 Cum
355 583 525 645 Furnium
553 590 712 647 nostrum
742 591 878 647 tantum
907 585 1072 647 vidissem
1100 603 1214 664 neque

156 672 252 751 loqui
276 690 389 751 neque
413 672 536 734 audire
558 691 635 735 meo
659 675 841 736 commodo
865 672 1065 754 potuissem,
1089 692 1213 753 prope·

155 777 272 821 rarem
301 766 405 839 atque
434 777 544 822 essem
567 761 603 822 in
632 761 759 823 itinere
787 761 989 841 praemissis
1013 761 1083 822 iam
1107 761 1213 840 legio-

155 848 268 923 nibus,
291 848 486 927 praeterire
510 853 627 911 tamen
643 868 713 910 non
730 850 838 929 potui,
863 849 946 928 quin
965 853 999 911 et
1022 849 1213 911 scriberem

156 936 200 997 ad
223 942 258 997 te
282 940 316 997 et
339 936 437 997 illum
461 936 636 999 mitterem
660 938 865 1016 gratiasque
885 954 1034 1016 agerem,
1058 936 1123 998 etsi
1147 936 1213 997 hoc

155 1030 189 1085 et
217 1023 285 1085 feci
313 1042 416 1102 saepe
445 1029 479 1085 et
507 1025 646 1104 saepius
675 1025 760 1086 mihi
789 1024 948 1087 facturus
976 1024 1107 1086 videor.
1158 1025 1213 1085 lta

156 1112 199 1174 de
223 1130 277 1173 me
300 1111 454 1174 mereris.
492 1112 533 1173 In
550 1113 673 1192 primis
689 1132 708 1174 a
725 1119 760 1175 te
774 1118 864 1193 peto,
889 1112 1055 1192 quoniam
1071 1111 1213 1174 confido

155 1218 209 1262 me
233 1199 395 1262 celeriter
419 1200 463 1261 ad
488 1201 610 1263 urbem
634 1207 836 1278 venturum,
866 1206 905 1262 ut
929 1205 963 1262 te
991 1200 1040 1262 ibi
1064 1200 1213 1276 videam,

155 1293 194 1349 ut
218 1293 279 1349 tuo
296 1288 450 1365 consilio,
474 1289 600 1366 gratia,
624 1289 805 1368 dignitate,
830 1307 895 1367 ope
909 1284 1068 1350 'omnium
1091 1305 1212 1349 rerum

155 1375 207 1436 uti
242 1376 380 1455 possim.
436 1376 490 1438 Ad
521 1376 741 1456 propositum
775 1383 954 1450 revertar;
994 1374 1211 1437 festinationi

155 1481 252 1525 meae
279 1463 517 1543 brevitatique
546 1464 745 1526 litterarum
773 1465 941 1543 ignosces.
993 1464 1140 1542 Reliqua
1169 1481 1213 1524 ex

156 1550 288 1613 Furnio
314 1570 510 1631 cognosces.

457 1742 910 1822 mmmmnm

352 1864 506 1920 cronno
526 1864 611 1919 rur.
632 1864 661 1920 s.
682 1865 717 1919 n.
738 1863 914 1920 cansam
933 1863 1018 1917 rur.

130 1997 143 2050 1
245 1989 289 2052 Ut
312 1989 382 2069 legi
406 1995 485 2051 tuas
509 1989 654 2067 litteras,
679 2007 766 2070 quas
786 1988 954 2051 aFurnio
978 1993 1099 2050 nostro
1120 2004 1214 2050 acce-

155 2095 285 2155 peram,
310 2078 437 2157 quibus
460 2096 595 2139 mecum
618 2078 757 2156 agebas,
781 2083 819 2139 ut
835 2078 880 2139 ad
896 2078 1019 2139 urbem
1036 2093 1155 2153 essem,
1178 2080 1214 2137 te

156 2164 246 2226 velle
269 2165 321 2225 uti
345 2165 538 2226 ‘consilio
567 2170 606 2227 et
635 2165 846 2244 dignitate
874 2164 975 2226 mea’
999 2164 1113 2224 minus
1137 2181 1213 2225 sum

157 2251 366 2327 admiratus;
394 2253 435 2314 de
452 2251 619 2332 ‘gratia’
637 2259 671 2314 et
695 2254 738 2315 de
754 2254 858 2333 ‘ope'
879 2252 964 2332 quid
981 2250 1213 2331 significares,

156 2356 289 2400 mecum
312 2339 385 2419 ipse
404 2341 624 2419 quaerebam,
649 2359 710 2420 spe
726 2346 842 2403 tamen
860 2340 1059 2403 deducebar
1076 2340 1121 2401 ad
1137 2357 1214 2401 eam

156 2427 418 2505 cogitationem,
446 2433 486 2489 ut
509 2435 543 2490 te
571 2447 638 2507 pro
662 2434 722 2490 tua
747 2428 947 2490 admirabili
976 2446 1016 2489 ac
1040 2427 1213 2506 singulari

156 2515 327 2594 sapientia
353 2516 395 2577 de
419 2517 505 2592 otio,
529 2517 572 2578 de
595 2535 695 2596 pace,
723 2517 765 2578 de
789 2516 976 2578 concordia
1000 2515 1130 2576 civium
1155 2515 1213 2593 agi

156 2602 246 2664 velle
277 2603 486 2682 arbitrarer,
519 2610 553 2666 et
587 2605 632 2665 ad
663 2622 739 2666 eam
767 2604 940 2666 rationem
969 2602 1213 2664 existimabam

128 2690 241 2752 rsatis
258 2696 375 2770 aptam
391 2710 465 2755 esse
482 2699 516 2755 et
535 2697 699 2754 naturam
715 2698 749 2754 et
765 2710 950 2772 personam
967 2709 1087 2752 meam.
1112 2689 1213 2761 Quod

156 2778 185 2839 si
213 2779 262 2840 ita
292 2784 344 2841 est
377 2785 411 2841 et
442 2781 470 2841 si
500 2799 569 2859 qua
603 2781 646 2842 de
674 2779 840 2858 Pompeio
868 2785 989 2841 nostro
1019 2779 1150 2840 tuendo
1178 2784 1214 2839 et

155 2865 220 2928 tibi
250 2885 290 2928 ac
318 2867 370 2928 rei
402 2868 564 2946 publicae
593 2868 854 2930 reconciliando
883 2886 968 2928 cura
997 2872 1031 2928 te
1061 2866 1213 2944 attingit,

156 2954 268 3032 magis
291 2954 463 3033 idoneum,
488 2974 592 3035 qnam
609 2973 674 3034 ego
698 2973 783 3033 sum,
808 2956 945 3017 adeam
969 2972 1110 3016 causam
1133 2972 1214 3033 pro·

155 3040 247 3104 fecto
270 3043 426 3121 reperies
445 3045 626 3120 neminem,
650 3043 711 3122 qui
728 3048 762 3105 et
785 3043 837 3104 illi
855 3061 991 3123 semper
1015 3047 1050 3104 et
1066 3042 1214 3118 senatui,

155 3147 234 3191 cum
267 3131 419 3210 primum
449 3132 562 3211 potui,
599 3131 697 3211 pacis
730 3137 857 3212 auctor
889 3130 941 3192 fui
972 3148 1035 3192 nec
1065 3129 1214 3208 sumptis

156 3218 263 3279 armis
286 3218 369 3280 belli
394 3219 501 3280 ullam
525 3225 662 3299 partem
682 3219 784 3298 attigi
808 3218 1033 3298 iudicavique
1056 3236 1097 3279 eo
1120 3217 1214 3279 bello

155 3311 189 3367 te
213 3307 350 3384 violari,
378 3313 500 3369 contra
524 3307 623 3368 euius
647 3307 814 3369 honorem
839 3307 960 3386 populi
986 3305 1132 3367 Romani
1156 3305 1215 3366 be-

155 3392 283 3455 neficio
319 3412 520 3456 concessum
555 3395 688 3455 inimici
723 3401 828 3474 atque
860 3394 972 3457 invidi
1006 3393 1213 3455 niterentur.

155 3478 232 3555 Sed,
259 3488 298 3542 nt
322 3499 362 3543 eo
386 3488 543 3561 tempore
566 3501 636 3544 non
659 3483 764 3544 modo
788 3482 863 3562 ipse
886 3482 1005 3544 fautor
1030 3479 1214 3559 dignitatis

154 3572 237 3628 tuae
260 3567 320 3645 fui,
344 3587 467 3629 verum
491 3570 596 3630 etiam
620 3570 747 3632 ceteris
771 3576 894 3632 auctor
918 3571 963 3631 ad
986 3575 1021 3630 te
1046 3568 1214 3630 adiuvan-

156 3653 247 3729 dum,
271 3654 320 3713 sic
340 3673 394 3715 me
410 3674 502 3716 nunc
518 3655 660 3735 Pompei
678 3657 833 3735 dignitas
848 3657 1072 3719 vehementer
1087 3661 1214 3718 movet.
