2742 4075
530 174 570 228 ad
588 173 661 228 iam.
681 175 733 241 VI,
753 177 794 228 14.
1150 160 1189 222 75

132 333 229 394 illius
254 332 427 395 voluntati
453 338 486 394 et
510 333 596 394 meis
619 333 745 395 studiis
769 334 930 396 serviam.
968 333 1064 410 Nam,
1088 334 1189 395 etsia

131 420 248 500 prima
279 425 392 482 aetate
422 439 476 481 me
505 422 617 482 omnis
646 439 705 482 ars
733 427 767 483 et
796 422 956 483 doctrina
976 421 1132 482 liberalis
1156 427 1190 483 et

130 508 283 570 maxime
311 508 533 587 philosophia
563 508 764 586 delectavit,
794 516 911 570 tamen
942 509 1007 570 hoc
1036 509 1190 570 studium

131 595 278 657 cottidie
306 596 534 674 ingravescit,
563 597 668 658 credo
698 602 732 658 et
761 597 886 658 aetatis
913 596 1116 658 maturitate
1145 597 1190 658 ad

131 684 358 762 prudentiam
381 690 416 745 et
438 683 482 744 iis
505 689 702 763 temporum
726 685 832 762 vitiis,
857 691 896 746 ut
919 684 1016 746 nulla
1039 702 1096 745 res
1120 684 1189 746 alia

132 771 253 833 levare
289 771 441 832 animum
473 772 642 833 molestiis
672 772 791 851 possit.
844 773 874 834 A
905 791 974 851 quo
1007 772 1123 834 studio
1155 778 1216 835 te5

131 858 261 921 abduci
284 858 435 937 negotiis
457 859 625 938 intellego
649 878 692 921 ex
722 860 792 920 tuis
816 860 959 936 litteris,
989 860 1049 922 sed
1073 865 1189 921 tamen

131 946 269 1025 aliquid
291 946 362 1008 iam
386 952 505 1008 noctes
528 953 563 1008 te
587 947 814 1009 adiuvabunt.

220 1033 364 1095 Servius
387 1040 469 1094 tuus
488 1035 544 1096 vel
568 1035 685 1113 potius
709 1041 827 1097 noster
845 1053 977 1096 summa
995 1053 1048 1095 me
1073 1036 1188 1098 obser-

131 1120 254 1183 vantia
278 1122 361 1183 colit
369 1143 376 1198 ;
408 1122 507 1183 cuius
530 1140 595 1200 ego
620 1141 698 1184 cum
722 1123 815 1184 omni
840 1123 1017 1202 probitate
1041 1140 1188 1184 summa-

131 1227 200 1287 que
232 1209 374 1286 virtute,
412 1215 487 1270 tum
519 1210 645 1271 studiis
682 1211 913 1290 doctrinaque
946 1211 1108 1272 delector.
1154 1212 1189 1272 Is

130 1314 267 1358 mecum
295 1315 398 1376 saepe
426 1298 468 1359 de
497 1303 558 1358 tua
584 1299 764 1361 mansione
789 1304 848 1360 aut
877 1299 1076 1360 decessione
1100 1316 1188 1359 com-

131 1385 295 1446 municat.
329 1385 452 1446 Adhuc
469 1385 506 1445 in
529 1386 594 1447 hac
611 1405 686 1447 sum
711 1386 892 1463 sententia,
916 1386 1004 1447 nihil
1027 1392 1066 1446 ut
1082 1385 1187 1447 facia-

130 1490 222 1549 mus,
251 1472 318 1533 nisi
342 1474 436 1551 quod
460 1473 610 1535 maxime
635 1474 764 1536 Caesar
788 1473 878 1536 velle
902 1474 1073 1535 videatur.
1121 1475 1188 1536 Res
1251 1502 1253 1506 ’

131 1564 213 1639 sunt
237 1560 421 1637 eiusmodi,
451 1566 506 1637 ut,
537 1562 565 1622 si
591 1563 720 1624 Romae
745 1562 800 1638 sis
833 1561 921 1625 nihil
944 1566 1085 1641 praeter
1109 1567 1188 1624 tuos

131 1646 307 1709 delectare
335 1649 453 1737 possit.
505 1649 555 1711 De
583 1649 730 1728 reliquis
759 1649 847 1710 nihil
879 1649 1003 1711 melius
1031 1649 1107 1728 ipso
1136 1654 1188 1711 est

131 1733 291 1812 Caesare,
315 1742 430 1798 cetera
455 1742 536 1798 sunt
560 1737 739 1813 eiusmodi,
762 1742 810 1812 ut,
842 1737 870 1798 si
896 1737 1044 1799 alterum
1068 1742 1188 1798 utrum

130 1841 271 1885 necesse
288 1823 342 1900 sit,
359 1825 482 1886 audire
499 1843 539 1886 ea
552 1825 653 1885 malis
666 1843 771 1903 quam
784 1825 914 1886 videre.
939 1825 1015 1886 Hoc
1029 1830 1189 1886 nostrum

130 1911 316 1975 consilium
339 1911 440 1973 nobis
463 1912 605 1973 minime
627 1912 818 1974 iucundum
843 1917 903 1987 est,
928 1912 988 1990 qui
1011 1918 1045 1973 te
1067 1912 1188 1973 videre

131 1999 300 2079 cupimus,
325 2001 385 2062 sed
409 1999 622 2062 consulimus
645 2000 720 2062 tibi.
767 2000 860 2061 Vale.

453 2248 505 2309 41.
530 2247 588 2326 (ad
612 2246 693 2308 fam.
717 2247 773 2324 VI,
799 2247 862 2324 14.)

484 2385 638 2441 CICERO
659 2385 841 2441 LIGARIO.

219 2529 273 2589 Me
298 2529 384 2589 scito
400 2520 537 2590 omnem
560 2547 675 2590 meum
692 2529 858 2606 laborem,
882 2547 1017 2591 omnem
1035 2544 1212 2607 operam‚1

130 2635 261 2692 curam,
285 2616 439 2677 studium
462 2616 499 2676 in
522 2621 583 2677 tua
607 2616 720 2679 salute
744 2635 955 2679 consumere.
998 2617 1085 2677 Nam
1109 2633 1187 2677 cum

129 2711 165 2766 te
189 2722 325 2783 semper
348 2704 498 2765 maxime
518 2704 635 2780 dilexi,
660 2709 735 2765 tum
750 2704 903 2766 fratrum
926 2711 1075 2779 tuorum,
1099 2720 1187 2781 quos

131 2809 242 2870 aeque
266 2796 370 2870 atque
394 2797 428 2853 te
452 2809 585 2852 summa
609 2792 855 2854 benevolentia
877 2810 953 2853 sum
977 2791 1186 2870 complexus,

129 2879 321 2958 singularis
333 2879 446 2958 pietas
458 2897 625 2958 amorque
637 2878 817 2942 fraternus
835 2880 970 2942 nullum
981 2897 1036 2941 me
1051 2878 1186 2958 patitur

129 2966 242 3029 officii
267 2985 351 3045 erga
375 2972 410 3028 tc
434 2967 610 3046 studiique
633 2986 760 3029 munus
788 2973 848 3040 aut
872 2973 1009 3046 tempus
1032 2971 1186 3046 praeter-

129 3055 278 3116 mittere.
325 3054 401 3131 Sed,
425 3073 515 3133 quae
538 3054 664 3116 faciam
689 3055 901 3135 fecerimque
925 3073 990 3135 pro
1015 3062 1057 3132 te,
1081 3073 1124 3116 ex
1147 3054 1186 3115 il-

129 3142 246 3204 lorum
264 3147 299 3203 te
315 3142 443 3204 litteris
460 3161 565 3221 quam
581 3162 624 3204 ex
640 3143 726 3205 meis
741 3143 833 3204 malo
850 3160 1075 3222 cognoscere;
1092 3142 1187 3221 quid

131 3235 247 3292 autem
271 3248 407 3309 sperem
437 3237 497 3291 aut
527 3229 704 3292 confidam
732 3236 766 3293 et
795 3231 1016 3310 exploratum
1039 3230 1187 3291 habeam

131 3318 174 3380 de
197 3318 310 3379 salute
333 3323 403 3394 tua,
426 3318 463 3379 id
487 3317 552 3379 tibi
577 3336 596 3379 a
620 3337 674 3380 me
700 3319 873 3380 declarari
897 3319 986 3381 volo.
1031 3317 1132 3393 Nam,
1156 3317 1185 3377 si

130 3406 318 3485 quisquam
343 3412 394 3467 est
418 3405 561 3466 timidus
577 3406 614 3466 in
628 3406 766 3485 magnis
790 3406 1064 3485 periculosisque
1080 3404 1186 3466 rebus

129 3511 336 3573 semperque
373 3493 486 3573 magis
524 3494 691 3555 adversos
728 3512 848 3555 rerum
883 3494 997 3555 exitus
1029 3497 1186 3554 metuens

130 3600 236 3661 quam
259 3599 405 3661 sperans
421 3581 601 3658 secundos,
624 3581 654 3642 is
677 3600 742 3661 ego
766 3599 843 3643 sum
860 3589 902 3657 et,
927 3581 955 3642 si
979 3581 1044 3642 hoc
1060 3580 1186 3643 vitium

129 3675 190 3746 est,
215 3687 256 3731 eo
279 3688 427 3731 menon
451 3688 572 3732 carere
596 3668 777 3732 confiteor.
