2742 4075
197 181 239 240 14
659 195 682 262 1,
702 197 798 251 9-11.

197 355 258 416 sed
282 354 396 415 virtus
421 360 541 415 nostra
565 372 628 415 nos
653 354 801 429 afflixit3
827 361 1009 434 peccatum
1034 362 1086 416 est
1110 355 1260 433 nullum,

197 442 264 503 nisi
282 443 376 520 quod
392 461 462 504 non
482 460 551 503 una
569 442 720 503 animam
737 460 815 503 cum
835 443 1049 504 ornamentis
1066 443 1258 505 amisimus

198 530 278 606 Sed,
308 530 336 590 si
365 529 430 591 hoc
454 529 522 590 fuit
551 529 672 591 liberis
703 529 833 592 nostris
856 530 1008 609 gratius,
1037 548 1100 591 nos
1124 531 1258 608 vivere,

198 624 323 693 cetera,
348 636 558 696 quamquam
575 617 721 679 ferenda
745 636 815 679 non
832 623 921 694 sunt,
945 617 1107 680 feramus.
1140 619 1257 697 Atque

170 710 272 784 tege,
296 705 356 784 qui
380 711 414 766 te
438 704 618 782 confirmo,
642 701 716 784 ipse
740 723 880 766 menon
904 724 1053 785 possum.
1093 706 1256 768 Clodium

197 792 475 869 Philhetaerum,
510 794 604 871 quod
637 793 838 854 valetudine
874 793 1055 855 oculorum
1089 794 1256 873 impedie-

197 882 312 955 batur,
347 880 521 941 hominem
550 880 707 956 fidelem,
739 880 867 942 remisi.
914 880 1099 942 Sallustius
1133 881 1257 943 officio

198 968 307 1028 vincit
341 974 467 1029 omnes.
518 968 730 1029 Pescennius
763 974 815 1029 est
847 969 1102 1047 perbenevolus
1133 969 1255 1045 nobis;

199 1074 301 1134 quem
334 1073 469 1134 semper
503 1073 606 1134 spero
638 1056 690 1116 tui
729 1055 805 1117 fore
843 1056 1096 1118 observantem.
1154 1056 1255 1118 Sicca

199 1143 337 1204 dixerat
360 1161 396 1204 se
413 1161 547 1204 mecum
563 1142 649 1220 fore,
673 1144 733 1205 sed
751 1143 939 1205 Brundisio
956 1144 1122 1206 discessit.
1150 1144 1255 1219 Cura,
1358 1137 1359 1188 l

199 1231 292 1309 quod
316 1236 423 1309 potes
446 1236 485 1292 ut
509 1231 627 1293 valeas
651 1238 685 1291 et
710 1231 758 1292 sic
783 1231 968 1308 existimes
993 1250 1046 1293 me
1070 1232 1254 1294 vehemen-

198 1320 268 1380 tius
287 1324 346 1379 tua
363 1319 504 1380 miseria
525 1338 628 1398 quam
645 1337 722 1380 mea
738 1319 957 1380 commoveri.
988 1320 1063 1381 Mea
1081 1319 1255 1396 Terentia,

197 1406 369 1468 fidissima
394 1412 498 1486 atque
515 1407 646 1486 optima
663 1425 762 1482 uxor,
786 1412 820 1467 st
844 1424 919 1467 mea
937 1407 1116 1468 carissima
1140 1406 1254 1469 filiola

198 1500 231 1555 et
260 1512 338 1573 spes
366 1494 503 1573 reliqua
532 1500 666 1571 nostra,
696 1494 832 1570 Cicer0,
864 1493 986 1556 valete.
1032 1494 1087 1556 Pr.
1112 1494 1149 1555 K.
1174 1494 1254 1555 Mai.

198 1582 393 1644 Brundisio.

528 1758 576 1820 10.
602 1757 661 1835 (ad
686 1756 754 1818 Art.
779 1756 840 1833 HI,
868 1757 930 1835 10.)

509 1895 663 1952 CICERO
683 1894 836 1951 ATTICO
857 1895 940 1950 SAL.

171 2038 184 2089 1
285 2020 371 2084 Acta
397 2040 485 2100 quae
509 2026 623 2083 essent
647 2040 757 2100 usque
787 2021 831 2083 ad
860 2038 916 2083 vm
939 2019 1012 2082 Kal.
1037 2020 1168 2096 Iunias,
1198 2038 1252 2082 co·
1358 2056 1359 2059 =

197 2109 305 2187 gnovi
329 2127 371 2169 ex
395 2109 465 2169 tuis
489 2108 632 2184 litteris;
669 2107 806 2187 reliqua
835 2108 1094 2187 exspectabam,
1123 2112 1163 2169 ut
1187 2108 1251 2170 tibi

197 2195 367 2274 placebat,
392 2195 666 2257 Thessalonicae.
713 2194 847 2266 Quibus
877 2195 993 2257 allatis
1017 2195 1156 2257 facilius
1185 2201 1253 2257 sta·
1358 2264 1359 2267 Ἴ

198 2290 296 2344 tuere
319 2288 458 2363 poter0,
487 2283 547 2345 ubi
572 2282 645 2344 sim.
692 2283 793 2359 Nam,
821 2283 849 2344 si
874 2283 942 2344 erit
966 2301 1085 2360 causa,
1113 2282 1142 2344 si
1168 2283 1253 2362 quid

198 2376 331 2450 agetur,
355 2371 384 2432 si
408 2389 503 2450 spem
529 2371 661 2447 videre,
688 2376 747 2432 aut
770 2370 901 2432 ibidem
925 2371 1090 2450 opperiar
1114 2377 1175 2432 aut
1197 2389 1252 2433 me
1358 2366 1359 2447 ἶ

197 2459 242 2520 ad
264 2464 299 2520 te
323 2457 517 2534 conferam;
554 2458 622 2535 sin,
651 2463 690 2519 ut
713 2464 751 2519 tu
776 2459 915 2536 scribis,
944 2459 1011 2520 ista
1036 2458 1253 2535 evanuerint,
1358 2462 1359 2465 ’

197 2546 331 2624 aliquid
356 2546 450 2608 aliud
475 2546 680 2608 videbimus
728 2546 877 2608 Omnino
907 2547 1020 2608 adhuc
1049 2545 1137 2606 nihil
1166 2545 1252 2606 mihi

197 2633 407 2714 significatis
423 2635 491 2695 nisi
508 2634 720 2696 discordiam
737 2634 901 2710 istorum;
921 2652 1010 2713 quae
1026 2639 1143 2696 tamen
1159 2633 1252 2695 inter

197 2741 255 2784 eos
279 2723 322 2784 de
346 2722 507 2785 omnibus
530 2723 647 2802 potius
670 2723 776 2784 rebus
800 2729 852 2784 est
880 2740 985 2801 quam
1009 2722 1051 2783 de
1076 2739 1138 2783 me.
1184 2722 1252 2783 Ita·

197 2828 277 2888 que,
302 2810 386 2888 quid
410 2828 450 2872 ea
474 2810 560 2879 mihi
584 2810 705 2889 prosit,
730 2811 861 2887 nescio,
892 2811 952 2872 sed
976 2814 1106 2886 tamen,
1135 2809 1253 2887 quoad

169 2911 250 2962 2me
281 2915 344 2958 vos
373 2915 517 2977 sperare
549 2898 672 2974 vultis,
708 2898 809 2960 vobis
843 2898 1101 2976 obtemperabo.
1155 2896 1254 2974 Nam,

197 2983 291 3063 quod
314 3002 368 3046 me
391 2989 463 3046 tam
488 3004 590 3065 saepe
620 2992 654 3047 et
682 2992 754 3047 tam
778 2986 1001 3047 vehementer
1026 2984 1194 3063 obiurgas
1218 2990 1252 3045 et

197 3071 312 3133 animo
346 3071 490 3135 infirmo
524 3091 599 3135 esse
629 3073 733 3150 dicis,
769 3091 911 3152 quaeso,
946 3074 1081 3151 ecquod
1115 3076 1252 3133 tantum

195 3158 326 3220 malum
349 3168 414 3237 est,
438 3162 532 3239 quod
555 3161 592 3222 in
615 3179 691 3223 mea
716 3160 915 3223 calamitate
939 3180 1008 3223 non
1032 3161 1100 3222 sit?
1132 3159 1253 3238 ecquis

195 3265 362 3326 umquam
391 3254 463 3309 tam
493 3267 536 3310 ex
565 3249 680 3328 amplo
710 3253 818 3323 statu,
849 3253 921 3310 tam
951 3249 989 3309 in
1016 3249 1108 3310 bona
1138 3265 1253 3324 causa,

195 3336 303 3396 tantis
335 3335 563 3397 facultatibus
597 3336 744 3415 ingenii,
777 3335 927 3413 consilii,
959 3335 1109 3415 gratiae,
1143 3334 1253 3396 tantis

195 3423 381 3503 praesidiis
404 3424 577 3486 bonorum
601 3424 756 3486 omnium
780 3424 956 3485 concidit?
996 3424 1142 3485 Possum
1165 3422 1252 3484 obli·

195 3511 296 3586 visci,
321 3511 381 3590 qui
404 3510 546 3588 fuerim,
570 3530 639 3573 non
663 3512 808 3587 sentire,
833 3511 892 3589 qui
917 3511 994 3587 sim,
1020 3529 1088 3589 quo
1113 3527 1252 3573 caream

195 3598 340 3676 honore,
370 3618 438 3678 qua
462 3598 590 3678 gloria,
620 3599 747 3679 quibus
771 3598 905 3671 liberiS,
934 3597 1061 3675 quibus
1089 3597 1253 3675 fortunis,

196 3703 264 3763 quo
288 3685 423 3748 fratre?
462 3686 571 3758 Quem
595 3705 669 3767 ego,
693 3692 732 3748 ut
756 3702 885 3746 novum
909 3684 1119 3746 calamitatis
1141 3701 1253 3764 genus
