2742 4075
352 220 392 275 ad
411 220 471 274 Att.
491 219 552 287 III,
572 221 615 275 22.
636 248 668 257 -
689 220 728 275 ad
748 218 821 274 fam.
841 219 921 287 XIV,
941 221 965 274 3.
1150 205 1187 265 17

127 381 267 456 iniecta,
283 399 352 442 non
369 381 490 442 eadem
503 398 593 458 quae
609 379 705 456 mihi,
721 397 822 458 posse
838 397 901 441 nos
918 398 987 441 una
1004 379 1187 454 decedere;

129 488 235 548 quam
259 487 334 530 rem
358 468 425 530 sibi
449 486 577 547 magno
601 468 727 555 honori
751 473 870 546 sperat
893 466 978 529 fore.
1020 466 1088 528 Sed
1111 466 1190 543 iam,

129 575 210 618 cum
232 557 424 617 adventare
440 555 568 617 milites
586 556 756 631 dicentur,
780 554 980 616 faciendum
996 555 1097 616 nobis
1114 555 1190 630 erit,

129 649 170 706 ut
204 645 247 706 ab
277 662 317 706 eo
347 643 573 705 discedamus.
627 642 730 714 Quod
759 660 837 704 cum
865 642 1047 720 faciemus,
1081 642 1126 703 ad
1157 649 1190 704 te

127 732 251 794 statim
274 732 466 808 mittemus,
494 736 532 793 ut
557 731 659 806 scias,
689 730 750 792 ubi
774 730 889 791 simus,
936 730 1103 792 Lentulus
1128 747 1218 799 suoa

129 821 170 880 in
193 838 256 882 nos
279 819 409 894 officio,
434 819 529 897 quod
553 825 587 880 et
610 837 649 879 re
669 824 704 879 et
727 819 908 898 promissis
925 824 959 880 et
982 818 1110 880 litteris
1135 820 1190 880 de·

131 907 253 983 clarat,
281 926 377 987 spem
402 907 503 969 nobis
532 906 735 968 nonnullam
768 905 875 968 affert
899 906 1042 986 Pompei
1069 907 1190 968 volun-

131 996 216 1057 tatis
224 1016 231 1070 ;
258 1013 361 1075 saepe
385 995 478 1056 enim
493 999 532 1056 tu
557 995 601 1055 ad
626 1012 679 1055 me
696 994 868 1072 scripsisti
885 1013 964 1056 111111
987 1000 1100 1056 totum
1116 1013 1191 1056 esse

131 1084 169 1144 in
192 1083 287 1143 illius
310 1088 491 1161 potestate.
531 1083 581 1143 De
597 1082 735 1143 Metello
760 1082 901 1160 scripsit
925 1083 969 1143 ad
992 1101 1046 1144 1111
1069 1082 1191 1159 irater,

131 1175 303 1249 quantum
333 1176 502 1249 speraret,
526 1169 724 1249 proiectum
748 1187 822 1231 esse
846 1188 909 1249 per
933 1176 975 1232 te.
1022 1170 1069 1231 Mi
1093 1167 1218 1240 Pom-3

133 1258 226 1337 poni,
250 1277 378 1337 pugna,
402 1263 441 1318 ut
457 1263 571 1320 tecum
587 1263 621 1319 et
638 1275 717 1318 cum
737 1257 823 1319 meis
838 1257 924 1318 mihi
941 1257 1044 1319 liceat
1060 1259 1191 1336 vivere,

130 1353 167 1408 et
191 1347 306 1408 scribe
331 1347 445 1408 adme
469 1345 594 1407 omnia.
630 1345 775 1407 Premor
793 1345 898 1421 luctu,
923 1346 1097 1408 desiderio
1113 1365 1192 1408 cum

131 1434 288 1496 omnium
315 1452 435 1495 rerum
463 1439 538 1494 tum
566 1451 737 1509 meorum,
767 1433 826 1511 qui
850 1433 935 1494 mihi
959 1453 1014 1496 me
1038 1435 1192 1496 cariores

131 1540 269 1602 semper
293 1522 446 1582 fuerunt.
493 1520 595 1597 Cura,
618 1526 657 1581 ut
681 1521 808 1582 valeas.
833 1557 872 1566 —

222 1610 298 1688 Ego
328 1610 434 1687 quod,
466 1627 529 1688 per
560 1608 775 1670 Thessaliam
803 1610 831 1670 si
862 1609 950 1672 irem
974 1610 1011 1671 in
1034 1611 1219 1690 Epirum,4

133 1697 260 1777 perdiu
283 1697 371 1758 nihil
395 1715 492 1759 eram
521 1696 707 1758 auditurus
738 1703 771 1758 et
800 1698 894 1776 quod
921 1699 988 1760 mei
1018 1699 1192 1760 studiosos

134 1786 247 1847 habeo
271 1784 524 1865 Dyrrachinos,
555 1785 599 1846 ad
629 1803 687 1846 eos
715 1786 871 1864 perrexi,
901 1803 979 1846 cum
1009 1785 1069 1846 illa
1093 1804 1193 1866 supe·

134 1873 232 1934 riora
248 1872 515 1934 Thessalonicae
539 1872 764 1951 scripsissem.
803 1872 889 1934 Inde
913 1873 1059 1934 eumad
1083 1878 1116 1934 te
1137 1891 1192 1935 me

135 1964 350 2035 convertam,
367 1959 502 2037 faciam,
526 1965 564 2021 ut
581 1961 680 2038 seiae,
699 1964 807 2039 tuque
824 1960 868 2021 ad
885 1978 938 2021 me
955 1959 1059 2021 velim
1077 1960 1193 2021 omnia

135 2066 242 2127 quam
267 2048 548 2127 diligentissime,
572 2049 783 2111 cuicuimodi
807 2055 903 2124 sunt,
928 2049 1070 2111 scribas
1117 2050 1193 2128 Ego

134 2136 204 2198 iam
234 2141 295 2197 aut
325 2155 399 2198 rem
429 2142 489 2198 aut
518 2154 561 2198 ne
590 2155 688 2217 spem
716 2137 857 2215 quidem
885 2144 1057 2216 exspecto
1103 2138 1193 2199 Data

134 2240 165 2285 vr
190 2224 263 2285 Kal.
288 2225 467 2286 Decembr.
492 2225 713 2304 Dyrrhachii.

454 2418 505 2480 13.
533 2419 592 2497 (ad
615 2418 696 2480 iam.
721 2420 809 2495 XIV,
834 2418 876 2496 3.)

191 2556 367 2613 TULLIUS
389 2557 418 2612 S.
440 2557 475 2612 D.
497 2557 736 2626 TERENTIAE
757 2557 862 2612 SUAE
885 2557 936 2611 ET
957 2558 1136 2613 TULLIAE

529 2645 581 2699 ET
603 2645 814 2701 CICERONI.

226 2753 353 2835 Accepi
383 2752 427 2814 ab
457 2752 667 2816 Aristocrito
700 2755 765 2815 tris
799 2753 980 2834 epistulae,
1014 2772 1100 2832 quas
1130 2771 1219 2832 ego1

44 2859 48 2865 ⁴
136 2840 293 2902 lacrimis
316 2858 427 2919 prope
451 2839 581 2915 delevi;
617 2841 787 2903 conficior
811 2841 904 2903 enim
927 2860 1095 2919 maerore,
1118 2861 1195 2905 mea

137 2927 317 3005 Terentia,
351 2945 414 2989 nec
445 2946 542 2990 meae
572 2946 626 2989 me
656 2930 818 2991 miseriae
848 2929 961 3010 magis
992 2931 1195 2993 excruciant

137 3033 243 3094 quam
268 3023 349 3077 tuae
373 3021 597 3095 vestraeque,
623 3034 689 3096 ego
713 3023 829 3079 autem
852 3017 917 3079 hoc
934 3018 1095 3080 miserior
1120 3038 1196 3081 sum

138 3121 243 3182 quam
275 3108 328 3180 tu,
359 3121 449 3182 quae
477 3121 513 3165 es
542 3105 754 3183 miserrima,
788 3105 882 3184 quod
909 3105 985 3186 ipsa
1015 3108 1196 3169 calamitas

139 3191 333 3253 communis
356 3198 409 3253 est
425 3191 609 3270 utriusque
626 3198 793 3269 nostrum,
818 3193 879 3254 sed
895 3194 998 3274 culpa
1017 3213 1094 3256 mea
1117 3213 1196 3275 pro-

137 3279 217 3358 pria
246 3283 306 3340 est.
358 3279 473 3341 Meum
501 3278 569 3341 iuit
599 3279 758 3341 officium
786 3281 844 3342 vel
877 3281 1053 3362 legatione
1081 3283 1196 3344 vitare

138 3366 335 3445 periculum
352 3367 408 3429 vel
433 3367 616 3446 diligentia
633 3373 667 3429 et
684 3369 794 3449 copiis
817 3370 982 3432 resistere
999 3370 1056 3432 vel
1071 3371 1196 3432 cadere

138 3453 290 3516 fortiter.
329 3455 406 3517 Hoc
429 3454 600 3530 miserius,
624 3457 772 3536 turpius,
796 3457 976 3536 indignius
992 3458 1093 3520 nobis
1109 3457 1197 3518 nihii

138 3541 215 3603 fuit.
249 3541 366 3613 Quare
383 3561 461 3604 cum
485 3542 606 3604 dolore
623 3544 793 3606 conficior
817 3550 891 3606 tum
915 3545 1021 3607 etiam
1045 3546 1225 3624 pudore;2

139 3630 248 3709 pudet
272 3630 364 3692 enim
388 3649 442 3693 me
471 3630 574 3691 uxori
604 3649 700 3693 meae
723 3632 888 3711 optimae,
917 3633 1134 3694 suavissimis
1158 3632 1196 3693 li·

139 3718 235 3780 beris
259 3718 427 3780 virtutem
451 3723 485 3779 et
509 3717 729 3796 diligentiam
753 3736 823 3779 non
846 3720 1071 3797 praestitisse.
1110 3720 1196 3778 Nam

192 3839 306 3889 Ausgsw.
322 3833 404 3876 nricm
419 3833 575 3877 0111111111
590 3833 718 3877 schtmcr.
1074 3841 1091 3886 2
