2742 4075
172 156 214 216 10
640 171 663 237 1,
683 174 760 225 5-7.

170 329 339 407 1001111110,
364 329 454 391 00110
470 347 658 407 possemus,
694 330 793 390 Nunc
817 348 853 391 se
869 348 926 391 res
949 330 999 391 sic
1015 330 1129 392 habet.
1163 331 1229 392 Vo-

171 419 260 494 litat,
284 417 388 493 furit3
415 417 502 477 nihil
527 418 632 479 habet
656 418 754 493 00111,
778 418 897 478 multis
918 418 1110 494 denuntiat,
1135 420 1228 497 quod

172 506 246 567 fors
270 505 447 582 obtulerit,
471 504 508 566 id
531 510 673 566 acturus
690 505 847 580 videtur;
874 523 952 566 cum
968 506 1074 582 videt,
1098 524 1167 584 quo
1183 506 1229 567 sit

172 594 208 654 in
233 594 313 654 odio
339 598 450 654 status
475 591 531 652 hic
554 611 687 669 rerum,
716 593 753 653 in
776 610 849 667 000,
878 593 938 671 qui
962 593 1047 654 haec
1071 600 1245 672 egerunt,

172 682 340 760 impetum
364 680 524 741 facturus
548 680 705 755 videtur;
742 698 821 741 cum
849 686 965 742 autem
992 699 1117 742 rursus
1145 700 1229 760 opes

173 787 294 830 eorum
317 773 351 829 et
376 768 550 829 exercitus
566 768 784 845 recordatur,
808 768 983 830 convertit
1004 786 1040 829 00
1056 768 1094 829 in
1109 769 1229 846 banca,

172 856 273 917 nobis
298 861 414 916 autem
437 855 523 935 ipsis
553 860 626 916 tum
650 855 736 933 vim,
765 861 839 916 tum
867 856 1036 917 iudicium
1065 856 1227 917 minatur.

141 943 260 1009 aCum
284 944 348 1004 hoc
373 943 559 1022 Pompeius
582 943 654 1022 egit
678 949 721 1021 et,
745 949 784 1004 ut
807 943 851 1004 ad
875 962 928 1004 me
952 943 1026 1022 ipse
1050 942 1227 1005 referebat

104 1091 107 1096 ⁴
174 1031 295 1109 (alium
312 1031 404 1092 enim
421 1030 532 1092 habeo
549 1031 722 1093 neminem
738 1031 886 1108 testem),
907 1031 1129 1093 vehementer
1147 1031 1228 1110 egit,

173 1137 250 1180 cun]
276 1119 407 1180 diceret
424 1119 460 1179 in
480 1137 613 1179 summa
630 1137 666 1180 se
683 1118 856 1197 perfidiae
873 1125 907 1179 ct
924 1118 1066 1180 sceleris
1082 1118 1227 1180 infamia

172 1206 262 1283 fore,
292 1207 320 1267 si
344 1206 429 1266 mihi
453 1206 648 1284 periculum
672 1211 854 1267 crearetur
881 1207 924 1267 ab
949 1225 998 1282 eo,
1028 1224 1129 1284 quem
1153 1207 1228 1285 ipse

173 1301 356 1370 armasset,
385 1312 463 1355 cum
491 1294 666 1372 plebeium
695 1293 776 1355 iieri
804 1297 928 1372 passus
957 1299 1054 1355 00001.
1107 1294 1227 1356 Fidem

172 1381 344 1460 recepisse
368 1382 435 1442 sibi
460 1387 494 1443 et
521 1381 636 1459 ipsum
660 1388 694 1443 et
718 1382 870 1461 Appium
899 1382 942 1443 de
967 1400 1027 1443 me.
1075 1382 1175 1443 Hanc
1199 1382 1228 1443 si

171 1470 230 1531 ille
254 1488 324 1530 non
341 1475 509 1546 servaret,
532 1469 582 1530 ita
599 1466 762 1546 laturum,
787 1475 825 1530 ut
842 1487 960 1531 onmes
984 1469 1228 1547 intellegerent

171 1557 260 1617 nihil
284 1557 350 1618 sibi
375 1557 554 1635 antiquius
579 1557 732 1618 amicitia
761 1562 882 1618 nostra
912 1556 1028 1618 fuisse.
1075 1557 1171 1618 Haec
1194 1562 1228 1618 et

171 1645 207 1705 in
232 1663 308 1706 eam
333 1644 541 1706 sententiam
565 1662 641 1705 cum
666 1645 776 1706 multa
802 1645 960 1721 dixisset,
990 1644 1106 1706 aicbat
1129 1645 1228 1705 illum

172 1732 286 1810 primo
316 1750 398 1794 sane
428 1732 488 1793 diu
517 1732 626 1793 multa
657 1738 793 1809 contra,
826 1734 871 1794 ad
894 1738 1089 1794 extremum
1112 1737 1227 1793 autem

172 1838 295 1881 manus
319 1820 456 1882 dedisse
480 1826 514 1882 01
531 1819 738 1882 adfirmasse
762 1820 850 1880 nihil
872 1838 908 1881 00
925 1827 1047 1881 contra
1072 1819 1144 1881 eius
1168 1836 1225 1879 vo-

171 1908 341 1970 luntatem
365 1926 439 1970 esse
463 1908 648 1970 facturum.
695 1907 763 1970 Sed
786 1913 907 1986 postea
936 1913 1052 1969 tamen
1075 1907 1134 1968 ille
1158 1924 1228 1967 non

173 1996 306 2058 destitit
337 1997 379 2058 de
410 1997 511 2058 nobis
536 1997 728 2075 asperrime
752 1996 857 2075 loqui.
904 1995 1004 2067 Quod
1028 1995 1056 2056 si
1081 2013 1150 2056 non
1178 1993 1228 2056 fa·

172 2090 275 2160 00101,
300 2090 416 2145 tamen
440 2085 471 2145 01
496 2084 583 2144 nihil
608 2085 830 2145 crederemus
855 2090 959 2163 atque
984 2083 1108 2158 omnia,
1138 2083 1228 2144 sicut

172 2170 329 2247 1001111110,
353 2189 567 2251 pararemus.

141 2272 162 2325 3
261 2258 359 2319 Nunc
388 2259 437 2320 ita
471 2277 534 2319 nos
564 2258 733 2337 gerimus,
763 2265 802 2320 ut
836 2259 872 2320 in
903 2260 977 2321 dies
1008 2259 1165 2336 singulos
1195 2264 1229 2320 et

173 2345 289 2407 studia
319 2346 355 2406 in
385 2364 447 2407 nos
477 2345 655 2429 hominum
684 2352 719 2407 01
743 2365 825 2425 opes
850 2355 990 2409 nostrae
1015 2351 1226 2425 augeantur3

172 2452 246 2494 rem
277 2433 453 2512 publicam
484 2434 580 2495 nulla
610 2452 652 2495 ex
680 2439 782 2513 parte
807 2435 1025 2514 attingimus,
1054 2434 1091 2495 in
1115 2434 1229 2495 causis

174 2527 278 2599 atque
302 2521 338 2581 in
362 2521 422 2582 illa
448 2540 554 2600 opera
584 2527 705 2582 nostra
734 2523 866 2584 forensi
896 2541 1029 2583 summa
1053 2521 1228 2583 industria
1255 2545 1258 2549 ·

173 2627 372 2684 versamur;
407 2610 500 2687 quod
524 2609 665 2688 egregie
690 2628 759 2671 non
783 2610 886 2672 modo
910 2610 967 2686 iis,
997 2610 1057 2689 qui
1081 2615 1228 2670 utuntur

168 2716 293 2776 opera,
327 2697 387 2759 sed
419 2697 524 2758 etiam
555 2697 591 2757 in
622 2697 750 2776 vulgus
779 2704 918 2776 gratum
949 2716 1023 2759 esse
1052 2698 1228 2758 sentimus.

172 2786 301 2847 Domus
337 2785 549 2861 celebratur,
586 2785 800 2860 occurritur,
832 2791 1027 2847 renovatur
1060 2784 1228 2846 memoria

168 2874 383 2948 consulatus,
408 2872 523 2932 studia
548 2872 812 2951 significantur3
840 2874 877 2933 in
901 2891 977 2934 eam
1001 2892 1097 2952 spem
1122 2872 1229 2934 addu-

167 2961 292 3036 cimur,
321 2967 359 3020 ut
383 2960 484 3020 nobis
509 2978 548 3020 ea
573 2961 763 3037 contentio,
793 2979 882 3039 quae
906 2961 1098 3039 impendet,
1123 2960 1229 3020 inter-

173 3049 254 3109 dum
278 3066 347 3107 non
371 3046 539 3126 fugienda
564 3048 735 3110 videatur.

133 3145 162 3203 ’4
260 3136 358 3195 Nunc
382 3134 467 3194 mihi
491 3140 525 3196 et
549 3135 703 3197 consiliis
721 3154 808 3214 opus
832 3142 884 3197 001
907 3135 977 3196 tuis
993 3141 1028 3197 et
1053 3153 1170 3197 amore
1195 3140 1229 3195 01

172 3222 252 3284 fide.
299 3221 416 3292 Quare
441 3223 575 3284 advola.
614 3223 789 3302 Expedita
813 3223 898 3284 mihi
923 3229 1026 3285 erunt
1050 3222 1176 3299 omnia,
1200 3222 1229 3282 si

173 3318 206 3371 te
230 3310 374 3371 habebo
405 3310 514 3371 Multa
531 3329 594 3390 per
612 3311 805 3372 Varronem
823 3317 981 3373 nostrum
999 3311 1056 3389 agi
1073 3315 1246 3389 possunt,

173 3416 262 3476 quae
285 3405 319 3458 te
336 3403 485 3475 urgente
502 3404 604 3458 erunt
620 3397 791 3474 firmiora,
814 3400 924 3461 multa
948 3400 991 3461 ab
1009 3400 1087 3478 ipso
1103 3396 1230 3459 Publio

171 3486 260 3561 elici,
284 3485 393 3546 multa
418 3486 590 3563 cognosci,
615 3504 704 3564 quae
720 3486 785 3547 tibi
810 3487 946 3548 occulta
963 3505 1037 3548 0000
1061 3505 1131 3548 non
1155 3490 1230 3565 pot-

172 3578 284 3648 erunt,
309 3573 418 3633 multa
443 3574 547 3634 etiam
573 3610 613 3616 —
638 3574 698 3633 sed
723 3574 914 3635 absurdum
934 3579 986 3635 est
1009 3574 1148 3652 singula
1173 3592 1230 3634 ex-

145 3661 314 3739 5plicare,
339 3679 417 3722 cum
441 3679 506 3738 ego
530 3660 709 3738 requiram
734 3665 768 3720 10
793 3661 837 3721 ad
854 3660 979 3720 omnia.
1011 3661 1125 3722 Unum
1142 3660 1231 3722 illud
